,ticker,company_name,ceo_name,headquarters_address,end_date,updated_date,edinet_updated_date,tdnet_updated_date,edinet_title,tdnet_title,accounting_standard,num_of_shares,issued_share_num,treasury_stock_num,assets,current_assets,cash_and_deposits,trade_receivables,notes_accounts_receivable,notes_receivable,accounts_receivable,current_securities,inventories,merchandise,work_in_process,raw_materials_and_supplies,prepaid_expenses,current_dta,current_allowance_doubtful_accounts,non_current_assets,tangible_fixed_assets,buildings,machineries,land,construction_in_progress,intangible_assets,good_will,investments_and_other_assets,investment_securities,non_current_dta,non_current_allowance_doubtful_accounts,lease_and_guarantee_deposits,liabilities,debt,current_liabilities,trade_payables,notes_accounts_payable,accounts_payable,notes_payable,short_term_bonds_payable,short_term_loans_payable,commercial_papers_liabilities,current_lease_obligations,current_portion_of_long_term_loans,current_portion_of_bonds,current_portion_of_convertible_bonds,current_portion_of_bonds_with_subscription_rights,advances_received,corporate_tax_payable,non_current_liabilities,bonds_payable,convertible_bonds,convertible_bond_type_bonds_with_subscription_rights,non_current_bonds_with_subscription_right,long_term_loans_payable,non_current_lease_obligations,non_current_dtl,net_assets,shareholders_equity,capital_stock,additional_capital_stock,retained_earnings,treasury_stock,valuation_and_translation_adjustments,non_controlling_interests,net_sales,cost_of_sales,gross_profit,gross_margin,sga,operating_income,operating_margin,non_operating_income,interest_and_dividends_income,interest_income,dividends_income,equity_method_income,non_operating_expenses,interest_expense,equity_method_loss,ordinary_income,extraordinary_income,gain_of_sales_non_current_assets,gain_of_sales_investment_securities,extraordinary_loss,loss_of_sales_non_current_assets,loss_of_valuation_investment_securities,impairment_loss,income_before_income_taxes,income_taxes,real_corporate_tax_rate,net_income,non_controling_interests,profit_loss_attributable_to_owners_of_parent,net_profit_margin,operating_cash_flow,income_before_taxes,depreciation,amortization,decrease_trade_receivables_op_cf,decrease_inventories_op_cf,increase_trade_payables_op_cf,investment_cash_flow,purchase_of_property,sale_of_property,purchase_of_intangible_assets,sale_of_intangible_assets,purchase_of_non_current_assets,sale_of_non_current_assets,purchase_of_securities,sale_of_securities,purchase_of_investment_securities,sale_of_investment_securities,lending,return_of_lending,financial_cash_flow,net_short_term_debt,long_term_debt_issuance,long_term_debt_repayment,bonds_issuance,bonds_repayment,share_repurchase,share_sales,dividend_payment,cash_translation_difference,free_cash_flow,ex_net_sales,ex_operating_income,ex_ordinary_income,ex_net_income,dividend,eps_actual,bps,ebitda_actual,roe,real_roe,total_asset_turnover,financial_leverage,roa,roic,doe,net_sales_operating_cash_flow_ratio,sga_ratio,depreciation_gross_profit_ratio,r_and_d_ratio,interest_op_income_ratio,interest_coverage_ratio,net_sales_progress,operating_income_progress,net_income_progress,cash_assets_ratio,cash_monthly_sales_ratio,accounts_receivable_turnover,inventory_turnover,trade_payable_turnover,working_capital,ccc,tangible_fixed_assets_turnover,debt_assets_ratio,debt_monthly_sales_ratio,operating_cash_flow_debt_ratio,net_debt,adjusted_debt_ratio,de_ratio,current_ratio,net_debt_net_income_ratio,equity,equity_ratio,accrual,employee_num,net_sales_per_employee,operating_income_per_employee,segment_member,increase_in_properties,r_and_d_expenses,defined_benefit_asset,defined_benefit_liability,asset_retirement_obligations_ncl,subscription_rights,fiscal_year,fiscal_quarter,dividend_payout_ratio,real_corp_tax_rate
values,3246,株式会社コーセーアールイー,代表取締役社長　　諸藤　敏一,福岡市中央区赤坂一丁目15番30号,2018-04-30,2018-06-12,2018-06-12,2018-06-08,四半期報告書－第29期第1四半期(平成30年2月1日－平成30年4月30日),平成31年1月期　第1四半期決算短信〔日本基準〕(連結),Japan GAAP,10156800,10368000,211200,14428395000,12672703000,2960248000,,,,,,9567972000,,,,,,,1755691000,1688036000,663776000,,1017561000,,4178000,,63477000,,,,,8299346000,7642744000,6360277000,51385000,51385000,,,,3835920000,,,1998036000,,,,,21464000,1939069000,,,,,1808788000,,,6129049000,6048416000,1562450000,1444032000,3057050000,-15117000,3934000,76698000,1320589000,874641000,445948000,33.77,416543000,29404000,2.23,32293000,,,,,36378000,32127000,,25319000,,,,,,,,25319000,13846000,54.69,11473000,6634000,4838000,0.37,,25319000,,,,,,,,,,,,,,,,,,,,,,,,,,,,,0,13203000000,1792000000,1775000000,1142000000,33,100,595,29404000,16.84,16.8,0.84,2.38,7.07,7.64,5.54,,31.54,,,109.26,0.92,10.0,1.64,0.42,20.52,2.92,,399.78,2.15,9516587000,397.64,7.2,52.97,7.55,-1691.03,4682496000,135.08,1.26,199.25,4.59,6052351000,41.95,4838000,,,,"[{'segment': 'Total', 'period': 'CurrentYTDDuration', 'net_sales': '1308232000', 'revenues_from_external_customers': '1306739000', 'operating_income': '110660000', 'transactions_with_other_segments': '1493000'}, {'segment': 'RealEstateRentalAndManagementBusiness', 'period': 'CurrentYTDDuration', 'net_sales': '101291000', 'revenues_from_external_customers': '101225000', 'operating_income': '44097000', 'transactions_with_other_segments': '65000'}, {'segment': 'CondominiumsBusinessForAssetManagement', 'period': 'CurrentYTDDuration', 'net_sales': '1035180000', 'revenues_from_external_customers': '1035180000', 'operating_income': '130594000', 'transactions_with_other_segments': None}, {'segment': 'CondominiumsBusinessForResidence', 'period': 'CurrentYTDDuration', 'net_sales': '126839000', 'revenues_from_external_customers': '126839000', 'operating_income': '-67230000', 'transactions_with_other_segments': None}, {'segment': 'BuildingMaintenanceBusiness', 'period': 'CurrentYTDDuration', 'net_sales': '44920000', 'revenues_from_external_customers': '43493000', 'operating_income': '3198000', 'transactions_with_other_segments': '1427000'}, {'segment': 'Reconcile', 'period': 'CurrentYTDDuration', 'net_sales': '-1493000', 'revenues_from_external_customers': None, 'operating_income': '-88783000', 'transactions_with_other_segments': '-1493000'}, {'segment': 'Total', 'period': 'CurrentYTDDuration', 'net_sales': '1322083000', 'revenues_from_external_customers': '1320589000', 'operating_income': '118188000', 'transactions_with_other_segments': '1493000'}, {'segment': 'NotInclude', 'period': 'CurrentYTDDuration', 'net_sales': '13850000', 'revenues_from_external_customers': '13850000', 'operating_income': '7527000', 'transactions_with_other_segments': None}]",0,,,,,,2018,1,,54.69
values,3246,株式会社コーセーアールイー,代表取締役社長　　諸藤　敏一,福岡市中央区赤坂一丁目15番30号,2018-07-31,2018-09-12,2018-09-12,2018-09-07,四半期報告書－第29期第2四半期(平成30年5月1日－平成30年7月31日),平成31年1月期　第2四半期決算短信〔日本基準〕(連結),Japan GAAP,10156800,10368000,211200,14885426000,13111195000,2967411000,,,,,,10018750000,,,,,,,1774230000,1707350000,657108000,,1017561000,,3753000,,63126000,,,,,8590688000,7951314000,6232779000,19770000,19770000,,,,3882920000,,,1858395000,,,,,68027000,2357908000,,,,,2209999000,,,6294738000,6214083000,1562450000,1444032000,3222718000,-15117000,3729000,76924000,3395040000,2332821000,1062219000,31.29,786441000,275777000,8.12,69916000,,,,,77259000,67164000,,268434000,,,,,,,,268434000,91067000,33.93,177367000,6860000,170506000,5.02,-2889929000,268434000,19049000,,-6222000,-2658326000,-103234000,2419711000,,,,,-545000,,,,-497000,,,,359431000,339000000,610000000,-230411000,,,,,-334264000,,-2890474000,13203000000,1792000000,1775000000,1142000000,33,100,612,294826000,16.39,16.36,0.82,2.39,6.85,7.39,5.39,-85.12,23.16,1.79,,24.35,4.11,25.71,15.39,14.93,19.94,2.93,,418.62,0.83,9998980000,417.79,7.12,53.42,7.85,-1759.31,4983903000,136.15,1.28,210.36,4.89,6217814000,41.77,3060435000,,,,"[{'segment': 'Reconcile', 'period': 'CurrentYTDDuration', 'net_sales': '-3344000', 'revenues_from_external_customers': None, 'operating_income': '-149875000', 'transactions_with_other_segments': '-3344000'}, {'segment': 'Total', 'period': 'CurrentYTDDuration', 'net_sales': '3398385000', 'revenues_from_external_customers': '3395040000', 'operating_income': '425653000', 'transactions_with_other_segments': '3344000'}, {'segment': 'NotInclude', 'period': 'CurrentYTDDuration', 'net_sales': '397318000', 'revenues_from_external_customers': '397318000', 'operating_income': '144196000', 'transactions_with_other_segments': None}, {'segment': 'Total', 'period': 'CurrentYTDDuration', 'net_sales': '3001066000', 'revenues_from_external_customers': '2997721000', 'operating_income': '281457000', 'transactions_with_other_segments': '3344000'}, {'segment': 'RealEstateRentalAndManagementBusiness', 'period': 'CurrentYTDDuration', 'net_sales': '190833000', 'revenues_from_external_customers': '190711000', 'operating_income': '80994000', 'transactions_with_other_segments': '122000'}, {'segment': 'CondominiumsBusinessForAssetManagement', 'period': 'CurrentYTDDuration', 'net_sales': '1686356000', 'revenues_from_external_customers': '1686356000', 'operating_income': '151936000', 'transactions_with_other_segments': None}, {'segment': 'CondominiumsBusinessForResidence', 'period': 'CurrentYTDDuration', 'net_sales': '1029607000', 'revenues_from_external_customers': '1029607000', 'operating_income': '41389000', 'transactions_with_other_segments': None}, {'segment': 'BuildingMaintenanceBusiness', 'period': 'CurrentYTDDuration', 'net_sales': '94268000', 'revenues_from_external_customers': '91046000', 'operating_income': '7136000', 'transactions_with_other_segments': '3221000'}]",545000,,,,,,2018,2,,33.93
values,3246,株式会社コーセーアールイー,代表取締役社長　　諸藤　敏一,福岡市中央区赤坂一丁目15番30号,2018-10-31,2018-12-12,2018-12-12,2018-12-10,四半期報告書－第29期第3四半期(平成30年8月1日－平成30年10月31日),平成31年1月期　第3四半期決算短信〔日本基準〕(連結),Japan GAAP,10156800,10368000,211200,16514648000,14751060000,2680908000,,,,,,11612070000,,,,,,,1763587000,1698499000,651029000,,1017561000,,3574000,,61513000,,,,,10228320000,9129630000,7507285000,161473000,161473000,,,,4697500000,,,1867746000,,,,,6002000,2721034000,,,,,2564384000,,,6286327000,6210662000,1562450000,1444032000,3219297000,-15117000,2425000,73239000,4429984000,3060401000,1369583000,30.92,1101885000,267697000,6.04,110308000,,,,,120673000,106256000,,257332000,,,,,,,,257332000,87071000,33.84,170261000,3175000,167085000,3.77,,257332000,,,,,,,,,,,,,,,,,,,,,,,,,,,,,0,13203000000,1792000000,1775000000,1142000000,33,100,611,267697000,16.41,16.37,0.74,2.66,6.17,6.82,5.39,,24.87,,,39.69,2.52,33.55,14.94,14.63,16.23,2.65,,485.19,6.75,11450597000,478.45,7.15,55.28,9.02,-2020.02,6448722000,162.32,1.47,196.49,6.33,6213088000,37.62,167085000,,,,"[{'segment': 'BuildingMaintenanceBusiness', 'period': 'CurrentYTDDuration', 'net_sales': '148345000', 'revenues_from_external_customers': '143144000', 'operating_income': '11571000', 'transactions_with_other_segments': '5201000'}, {'segment': 'Reconcile', 'period': 'CurrentYTDDuration', 'net_sales': '-5380000', 'revenues_from_external_customers': None, 'operating_income': '-220921000', 'transactions_with_other_segments': '-5380000'}, {'segment': 'Total', 'period': 'CurrentYTDDuration', 'net_sales': '4435365000', 'revenues_from_external_customers': '4429984000', 'operating_income': '488618000', 'transactions_with_other_segments': '5380000'}, {'segment': 'NotInclude', 'period': 'CurrentYTDDuration', 'net_sales': '414458000', 'revenues_from_external_customers': '414458000', 'operating_income': '159089000', 'transactions_with_other_segments': None}, {'segment': 'Total', 'period': 'CurrentYTDDuration', 'net_sales': '4020906000', 'revenues_from_external_customers': '4015526000', 'operating_income': '329529000', 'transactions_with_other_segments': '5380000'}, {'segment': 'RealEstateRentalAndManagementBusiness', 'period': 'CurrentYTDDuration', 'net_sales': '280361000', 'revenues_from_external_customers': '280183000', 'operating_income': '122070000', 'transactions_with_other_segments': '178000'}, {'segment': 'CondominiumsBusinessForAssetManagement', 'period': 'CurrentYTDDuration', 'net_sales': '1823530000', 'revenues_from_external_customers': '1823530000', 'operating_income': '69967000', 'transactions_with_other_segments': None}, {'segment': 'CondominiumsBusinessForResidence', 'period': 'CurrentYTDDuration', 'net_sales': '1768669000', 'revenues_from_external_customers': '1768669000', 'operating_income': '125919000', 'transactions_with_other_segments': None}]",0,,,,,,2018,3,,33.84
values,3246,株式会社コーセーアールイー,代表取締役社長　　諸藤　敏一,福岡市中央区赤坂一丁目15番30号,2019-01-31,2019-04-26,2019-04-26,2019-03-12,有価証券報告書－第29期(平成30年2月1日－平成31年1月31日),2019年1月期　決算短信〔日本基準〕(連結),Japan GAAP,10156800,10368000,211200,16347433000,14530520000,4297683000,8718000,,,8718000,,10012105000,,,,,39732000,,1816912000,1707964000,820216000,,1017561000,,3869000,,105078000,,,-10386000,,9189328000,6856329000,4177135000,82995000,82995000,,,,1850200000,,,170360000,,,,29585000,226301000,5012192000,,,,,4835769000,,,7158105000,7062986000,1562450000,1444032000,4071620000,-15117000,1352000,93766000,12150447000,8735489000,3414958000,28.11,1866277000,1548680000,12.75,162175000,,,,,165871000,144888000,,1544985000,,,,,,,,1544985000,501874000,32.48,1043110000,23702000,1019408000,8.39,-451957000,1544985000,38603000,,-2410000,-2651607000,1380568000,2465516000,,,,,-2245000,,,,-1000000,,,,-741074000,-1482720000,3337000000,-2230676000,,,,,-334460000,,-454202000,12100000000,1423000000,1412000000,920000000,33,100,695,1587283000,14.43,14.4,0.74,2.31,6.24,7.52,4.74,-3.72,15.36,1.13,,9.36,10.69,100.42,108.83,110.81,26.29,4.24,0.26,418.34,3.47,9937828000,415.14,7.11,41.94,6.77,-1517.03,2558646000,128.11,0.97,347.86,2.51,7064339000,43.21,1471365000,81,150005518,19119506,"[{'segment': 'Reconcile', 'period': 'CurrentYearDuration', 'net_sales': '-14160000', 'revenues_from_external_customers': None, 'operating_income': '-298189000', 'transactions_with_other_segments': '-14160000'}, {'segment': 'Total', 'period': 'CurrentYearDuration', 'net_sales': '12164608000', 'revenues_from_external_customers': '12150447000', 'operating_income': '1846870000', 'transactions_with_other_segments': '14160000'}, {'segment': 'NotInclude', 'period': 'CurrentYearDuration', 'net_sales': '955697000', 'revenues_from_external_customers': '955697000', 'operating_income': '252804000', 'transactions_with_other_segments': None}, {'segment': 'Total', 'period': 'CurrentYearDuration', 'net_sales': '11208910000', 'revenues_from_external_customers': '11194749000', 'operating_income': '1594065000', 'transactions_with_other_segments': '14160000'}, {'segment': 'RealEstateRentalAndManagementBusiness', 'period': 'CurrentYearDuration', 'net_sales': '376137000', 'revenues_from_external_customers': '375851000', 'operating_income': '141006000', 'transactions_with_other_segments': '285000'}, {'segment': 'CondominiumsBusinessForAssetManagement', 'period': 'CurrentYearDuration', 'net_sales': '5523746000', 'revenues_from_external_customers': '5523746000', 'operating_income': '723173000', 'transactions_with_other_segments': None}, {'segment': 'CondominiumsBusinessForResidence', 'period': 'CurrentYearDuration', 'net_sales': '5106840000', 'revenues_from_external_customers': '5106840000', 'operating_income': '712847000', 'transactions_with_other_segments': None}, {'segment': 'BuildingMaintenanceBusiness', 'period': 'CurrentYearDuration', 'net_sales': '202186000', 'revenues_from_external_customers': '188311000', 'operating_income': '17038000', 'transactions_with_other_segments': '13874000'}]",2245000,,,,,,2018,4,32.88,32.48
values,3246,株式会社コーセーアールイー,代表取締役社長　　諸藤　敏一,福岡市中央区赤坂一丁目15番30号,2019-04-30,2019-06-12,2019-06-12,2019-06-10,四半期報告書－第30期第1四半期(平成31年2月1日－平成31年4月30日),2020年1月期　第1四半期決算短信〔日本基準〕(連結),Japan GAAP,10156800,10368000,211200,16031657000,14231412000,3820863000,,,,,,9311667000,,,,,,,1800244000,1699558000,639450000,,1017561000,,4223000,,96462000,,,,,9090764000,7457148000,4154302000,325116000,325116000,,,,1407700000,,,1294460000,,,,,52530000,4936462000,,,,,4754988000,,,6940892000,6857887000,1562450000,1444032000,3866522000,-15117000,1618000,81386000,2148867000,1495135000,653732000,30.42,465784000,187948000,8.75,49570000,,,,,33065000,30204000,,204452000,,,,,,,,204452000,69256000,33.87,135195000,5119000,130075000,6.05,,204452000,,,,,,,,,,,,,,,,,,,,,,,,,,,,,0,12100000000,1423000000,1412000000,920000000,13,41,675,187948000,6.21,6.19,0.56,2.34,2.66,2.77,1.92,,21.68,,,16.07,6.22,17.76,13.21,14.14,23.83,5.06,,517.29,18.06,8986551000,499.23,5.33,46.52,9.88,-424.62,3636285000,130.69,1.09,342.57,8.54,6859506000,42.79,130075000,,,,"[{'segment': 'Total', 'period': 'CurrentYTDDuration', 'net_sales': '2138912000', 'revenues_from_external_customers': '2134618000', 'operating_income': '271894000', 'transactions_with_other_segments': '4294000'}, {'segment': 'RealEstateRentalAndManagementBusiness', 'period': 'CurrentYTDDuration', 'net_sales': '116823000', 'revenues_from_external_customers': '116667000', 'operating_income': '44705000', 'transactions_with_other_segments': '155000'}, {'segment': 'CondominiumsBusinessForAssetManagement', 'period': 'CurrentYTDDuration', 'net_sales': '1228121000', 'revenues_from_external_customers': '1228121000', 'operating_income': '201478000', 'transactions_with_other_segments': None}, {'segment': 'CondominiumsBusinessForResidence', 'period': 'CurrentYTDDuration', 'net_sales': '742308000', 'revenues_from_external_customers': '742308000', 'operating_income': '19871000', 'transactions_with_other_segments': None}, {'segment': 'BuildingMaintenanceBusiness', 'period': 'CurrentYTDDuration', 'net_sales': '51659000', 'revenues_from_external_customers': '47520000', 'operating_income': '5838000', 'transactions_with_other_segments': '4138000'}, {'segment': 'Reconcile', 'period': 'CurrentYTDDuration', 'net_sales': '-4294000', 'revenues_from_external_customers': None, 'operating_income': '-95710000', 'transactions_with_other_segments': '-4294000'}, {'segment': 'Total', 'period': 'CurrentYTDDuration', 'net_sales': '2153161000', 'revenues_from_external_customers': '2148867000', 'operating_income': '283658000', 'transactions_with_other_segments': '4294000'}, {'segment': 'NotInclude', 'period': 'CurrentYTDDuration', 'net_sales': '14249000', 'revenues_from_external_customers': '14249000', 'operating_income': '11764000', 'transactions_with_other_segments': None}]",0,,,,,,2019,1,,33.87
values,3246,株式会社コーセーアールイー,代表取締役社長　　諸藤　敏一,福岡市中央区赤坂一丁目15番30号,2019-07-31,2019-09-11,2019-09-11,2019-09-09,四半期報告書－第30期第2四半期(令和1年5月1日－令和1年7月31日),2020年1月期　第2四半期決算短信〔日本基準〕(連結),Japan GAAP,10156800,10368000,211200,16504105000,14716161000,4265685000,,,,,,8315368000,,,,,,,1787943000,1693261000,632770000,,1017561000,,4010000,,90671000,,,,,9539087000,8764999000,3442352000,21485000,21485000,,,,1555000000,,,1294460000,,,,,76177000,6096735000,,,,,5915539000,,,6965017000,6879543000,1562450000,1444032000,3888177000,-15117000,2692000,82781000,4218646000,3030660000,1187986000,28.16,954852000,233134000,5.53,93282000,,,,,74086000,69036000,,252331000,,,,,,,,252331000,94083000,37.29,158247000,6515000,151731000,3.6,-1574468000,252331000,19832000,,-1522000,1697644000,-1482088000,-10221000,,,,,-5123000,,,,-308000,,,,1550991000,-295200000,3347000000,-1143130000,,,,,-334573000,,-1579591000,12100000000,1423000000,1412000000,920000000,13,41,677,252966000,6.18,6.17,0.55,2.4,2.58,2.54,1.92,-37.32,22.63,1.67,,29.61,3.38,34.86,16.38,16.49,25.85,5.65,,461.94,1.19,8293883000,460.75,5.35,53.11,11.62,-499.09,4499314000,136.66,1.27,427.5,10.57,6882236000,41.7,1726199000,,,,"[{'segment': 'Total', 'period': 'CurrentYTDDuration', 'net_sales': '4227209000', 'revenues_from_external_customers': '4218646000', 'operating_income': '384014000', 'transactions_with_other_segments': '8563000'}, {'segment': 'NotInclude', 'period': 'CurrentYTDDuration', 'net_sales': '839565000', 'revenues_from_external_customers': '839565000', 'operating_income': '171274000', 'transactions_with_other_segments': None}, {'segment': 'Total', 'period': 'CurrentYTDDuration', 'net_sales': '3387644000', 'revenues_from_external_customers': '3379080000', 'operating_income': '212740000', 'transactions_with_other_segments': '8563000'}, {'segment': 'RealEstateRentalAndManagementBusiness', 'period': 'CurrentYTDDuration', 'net_sales': '217747000', 'revenues_from_external_customers': '217436000', 'operating_income': '84936000', 'transactions_with_other_segments': '311000'}, {'segment': 'CondominiumsBusinessForAssetManagement', 'period': 'CurrentYTDDuration', 'net_sales': '1887576000', 'revenues_from_external_customers': '1887576000', 'operating_income': '194167000', 'transactions_with_other_segments': None}, {'segment': 'CondominiumsBusinessForResidence', 'period': 'CurrentYTDDuration', 'net_sales': '1178116000', 'revenues_from_external_customers': '1178116000', 'operating_income': '-76869000', 'transactions_with_other_segments': None}, {'segment': 'BuildingMaintenanceBusiness', 'period': 'CurrentYTDDuration', 'net_sales': '104203000', 'revenues_from_external_customers': '95951000', 'operating_income': '10505000', 'transactions_with_other_segments': '8251000'}, {'segment': 'Reconcile', 'period': 'CurrentYTDDuration', 'net_sales': '-8563000', 'revenues_from_external_customers': None, 'operating_income': '-150880000', 'transactions_with_other_segments': '-8563000'}]",5123000,,,,,,2019,2,,37.29
values,3246,株式会社コーセーアールイー,代表取締役社長　　諸藤　敏一,福岡市中央区赤坂一丁目15番30号,2019-10-31,2020-01-15,2020-01-15,2020-01-14,四半期報告書－第30期第3四半期(令和1年8月1日－令和1年10月31日),2020年1月期　第3四半期決算短信〔日本基準〕(連結),Japan GAAP,10156800,10368000,211200,16861732000,15093012000,3718336000,,,,,,8990404000,,,,,,,1768720000,1683386000,626089000,,1017561000,,4678000,,80655000,,,,,9958249000,8975184000,5317946000,255868000,255868000,,,,1643800000,,,2871460000,,,,,8109000,4640303000,,,,,4459924000,,,6903483000,6820155000,1562450000,1444032000,3828790000,-15117000,3968000,79359000,5282913000,3814572000,1468341000,27.79,1325198000,143142000,2.71,132126000,,,,,115184000,109114000,,160084000,,,,,,,,160084000,64647000,40.38,95437000,3093000,92344000,1.75,,160084000,,,,,,,,,,,,,,,,,,,,,,,,,,,,,0,9023000000,452000000,452000000,297000000,13,41,671,143142000,6.24,6.22,0.54,2.47,2.52,2.51,1.93,,25.08,,,76.23,1.31,58.55,31.67,31.09,22.05,4.93,,499.44,14.21,8734536000,485.23,5.38,53.23,11.89,-511.05,5256848000,143.93,1.32,283.81,12.35,6824124000,40.47,92344000,,,,"[{'segment': 'BuildingMaintenanceBusiness', 'period': 'CurrentYTDDuration', 'net_sales': '159873000', 'revenues_from_external_customers': '145371000', 'operating_income': '13023000', 'transactions_with_other_segments': '14502000'}, {'segment': 'Reconcile', 'period': 'CurrentYTDDuration', 'net_sales': '-14927000', 'revenues_from_external_customers': None, 'operating_income': '-241747000', 'transactions_with_other_segments': '-14927000'}, {'segment': 'Total', 'period': 'CurrentYTDDuration', 'net_sales': '5297840000', 'revenues_from_external_customers': '5282913000', 'operating_income': '384889000', 'transactions_with_other_segments': '14927000'}, {'segment': 'NotInclude', 'period': 'CurrentYTDDuration', 'net_sales': '855905000', 'revenues_from_external_customers': '855905000', 'operating_income': '185523000', 'transactions_with_other_segments': None}, {'segment': 'Total', 'period': 'CurrentYTDDuration', 'net_sales': '4441935000', 'revenues_from_external_customers': '4427008000', 'operating_income': '199365000', 'transactions_with_other_segments': '14927000'}, {'segment': 'RealEstateRentalAndManagementBusiness', 'period': 'CurrentYTDDuration', 'net_sales': '312630000', 'revenues_from_external_customers': '312205000', 'operating_income': '128486000', 'transactions_with_other_segments': '425000'}, {'segment': 'CondominiumsBusinessForAssetManagement', 'period': 'CurrentYTDDuration', 'net_sales': '2046121000', 'revenues_from_external_customers': '2046121000', 'operating_income': '117895000', 'transactions_with_other_segments': None}, {'segment': 'CondominiumsBusinessForResidence', 'period': 'CurrentYTDDuration', 'net_sales': '1923309000', 'revenues_from_external_customers': '1923309000', 'operating_income': '-60040000', 'transactions_with_other_segments': None}]",0,,,,,,2019,3,,40.38
values,3246,株式会社コーセーアールイー,代表取締役社長　　諸藤　敏一,福岡市中央区赤坂一丁目15番30号,2020-01-31,2020-04-24,2020-04-24,2020-03-12,有価証券報告書－第30期(平成31年2月1日－令和2年1月31日),2020年1月期　決算短信〔日本基準〕(連結),Japan GAAP,10156800,10368000,211200,16953889000,15188374000,3459801000,15152000,,,15152000,,9496714000,,,,,,,1765515000,1673511000,821393000,,1017561000,,6549000,,85454000,,,-9577000,,9728871000,8150769000,7050569000,451005000,451005000,,,,2281000000,,,3370460000,,,,63875000,17494000,2678301000,,,,,2499309000,,,7225017000,7153470000,1562450000,1444032000,4162105000,-15117000,4624000,66923000,9055069000,6570312000,2484756000,27.44,1860377000,624379000,6.9,179624000,,,,,160455000,151064000,,643547000,,,,,,,,643547000,227232000,35.31,416315000,-9343000,425658000,4.7,-1756213000,643547000,40337000,,-6433000,516859000,-629207000,-17873000,,,,,-8268000,,,,-624000,,,,930904000,430800000,5652000000,-4788360000,,,,,-334825000,,-1764481000,9300000000,670000000,652000000,485000000,13,41,704,664716000,5.95,5.93,0.53,2.37,2.51,2.59,1.84,-19.39,20.55,1.62,,24.19,4.13,97.37,93.19,87.76,20.41,4.59,0.61,527.57,25.05,9060861000,503.13,5.41,48.08,10.8,-464.11,4690968000,134.37,1.14,215.42,11.02,7158094000,42.22,2181871000,94,96330521,6642329,"[{'segment': 'Reconcile', 'period': 'CurrentYearDuration', 'net_sales': '-18027000', 'revenues_from_external_customers': None, 'operating_income': '-301576000', 'transactions_with_other_segments': '-18027000'}, {'segment': 'Total', 'period': 'CurrentYearDuration', 'net_sales': '9073096000', 'revenues_from_external_customers': '9055069000', 'operating_income': '925955000', 'transactions_with_other_segments': '18027000'}, {'segment': 'NotInclude', 'period': 'CurrentYearDuration', 'net_sales': '866784000', 'revenues_from_external_customers': '866784000', 'operating_income': '194188000', 'transactions_with_other_segments': None}, {'segment': 'Total', 'period': 'CurrentYearDuration', 'net_sales': '8206312000', 'revenues_from_external_customers': '8188284000', 'operating_income': '731766000', 'transactions_with_other_segments': '18027000'}, {'segment': 'RealEstateRentalAndManagementBusiness', 'period': 'CurrentYearDuration', 'net_sales': '412975000', 'revenues_from_external_customers': '412394000', 'operating_income': '163165000', 'transactions_with_other_segments': '581000'}, {'segment': 'CondominiumsBusinessForAssetManagement', 'period': 'CurrentYearDuration', 'net_sales': '4798759000', 'revenues_from_external_customers': '4798759000', 'operating_income': '581851000', 'transactions_with_other_segments': None}, {'segment': 'CondominiumsBusinessForResidence', 'period': 'CurrentYearDuration', 'net_sales': '2777104000', 'revenues_from_external_customers': '2777104000', 'operating_income': '-29963000', 'transactions_with_other_segments': None}, {'segment': 'BuildingMaintenanceBusiness', 'period': 'CurrentYearDuration', 'net_sales': '217472000', 'revenues_from_external_customers': '200026000', 'operating_income': '16714000', 'transactions_with_other_segments': '17445000'}]",8268000,,,,,,2019,4,31.02,35.31
values,3246,株式会社コーセーアールイー,代表取締役社長　　諸藤　敏一,福岡市中央区赤坂一丁目15番30号,2020-04-30,2020-06-10,2020-06-10,2020-06-08,四半期報告書－第31期第1四半期(令和2年2月1日－令和2年4月30日),2021年1月期 第1四半期決算短信〔日本基準〕(連結),Japan GAAP,10156767,10368000,211233,15940902000,14178422000,2462814000,,,,,,9514104000,,,,,,,1762480000,1667142000,611411000,,1017561000,,6474000,,88863000,,,,,8770517000,7805972000,5229024000,21078000,21078000,,,,1881700000,,,2570004000,,,,,86573000,3541493000,,,,,3354268000,,,7170385000,7105199000,1562450000,1444032000,4113850000,-15133000,996000,64188000,2125706000,1512588000,613118000,28.84,486961000,126156000,5.93,65242000,,,,,39152000,33686000,,152246000,,,,,,,,152246000,71197000,46.76,81049000,-2734000,83783000,3.94,,152246000,,,,,,,,,,,,,,,,,,,,,,,,,,,,,0,9300000000,670000000,652000000,485000000,15,57,699,126156000,8.17,8.15,0.59,2.24,3.64,3.27,2.14,,22.91,,,26.7,3.75,22.86,18.83,17.27,15.45,3.15,,510.29,1.13,9493026000,509.16,5.62,48.97,9.99,-380.78,5343158000,122.06,1.1,271.15,9.2,7106197000,44.58,83783000,,,,"[{'segment': 'Reconcile', 'period': 'CurrentYTDDuration', 'net_sales': '-3393000', 'revenues_from_external_customers': None, 'operating_income': '-108326000', 'transactions_with_other_segments': '-3393000'}, {'segment': 'Total', 'period': 'CurrentYTDDuration', 'net_sales': '2129100000', 'revenues_from_external_customers': '2125706000', 'operating_income': '234483000', 'transactions_with_other_segments': '3393000'}, {'segment': 'NotInclude', 'period': 'CurrentYTDDuration', 'net_sales': '9108000', 'revenues_from_external_customers': '9108000', 'operating_income': '7878000', 'transactions_with_other_segments': None}, {'segment': 'Total', 'period': 'CurrentYTDDuration', 'net_sales': '2119992000', 'revenues_from_external_customers': '2116598000', 'operating_income': '226604000', 'transactions_with_other_segments': '3393000'}, {'segment': 'RealEstateRentalAndManagementBusiness', 'period': 'CurrentYTDDuration', 'net_sales': '115553000', 'revenues_from_external_customers': '115497000', 'operating_income': '31966000', 'transactions_with_other_segments': '56000'}, {'segment': 'CondominiumsBusinessForAssetManagement', 'period': 'CurrentYTDDuration', 'net_sales': '921542000', 'revenues_from_external_customers': '921542000', 'operating_income': '164454000', 'transactions_with_other_segments': None}, {'segment': 'CondominiumsBusinessForResidence', 'period': 'CurrentYTDDuration', 'net_sales': '1029631000', 'revenues_from_external_customers': '1029631000', 'operating_income': '27063000', 'transactions_with_other_segments': None}, {'segment': 'BuildingMaintenanceBusiness', 'period': 'CurrentYTDDuration', 'net_sales': '53265000', 'revenues_from_external_customers': '49927000', 'operating_income': '3120000', 'transactions_with_other_segments': '3337000'}]",0,,,,,,2020,1,,46.76
values,3246,株式会社コーセーアールイー,代表取締役社長　　諸藤　敏一,福岡市中央区赤坂一丁目15番30号,2020-07-31,2020-09-10,2020-09-10,2020-09-08,四半期報告書－第31期第2四半期(令和2年5月1日－令和2年7月31日),2021年1月期 第2四半期決算短信〔日本基準〕（連結）,Japan GAAP,10156767,10368000,211233,16741421000,14995306000,3023171000,,,,,,9166743000,,,,,,,1746115000,1655169000,603212000,,1017561000,,5659000,,85286000,,,,,9454640000,8487371000,5244239000,71235000,71235000,,,,1872200000,,,2591604000,,,,,147905000,4210401000,,,,,4023567000,,,7286780000,7224292000,1562450000,1444032000,4232943000,-15133000,58000,62429000,3847231000,2690592000,1156638000,30.06,883208000,273430000,7.11,127762000,,,,,79274000,67400000,,321918000,,,,,,,,321918000,123536000,38.37,198382000,-4493000,202876000,5.27,-637642000,321918000,21611000,,6187000,330440000,-803130000,121718000,,,,,-1965000,,,,-323000,60000,,,199152000,-408800000,2313000000,-1567598000,,,,,-131767000,,-639607000,9300000000,670000000,652000000,485000000,15,57,711,295041000,8.04,8.02,0.56,2.32,3.47,3.11,2.11,-16.57,22.96,1.87,,24.65,4.06,41.37,40.81,41.83,18.06,3.87,,491.66,3.82,9095508000,487.84,5.66,50.7,10.86,-414.02,5464200000,129.48,1.17,285.94,9.41,7224351000,43.15,840518000,,,,"[{'segment': 'Reconcile', 'period': 'CurrentYTDDuration', 'net_sales': '-10159000', 'revenues_from_external_customers': None, 'operating_income': '-176358000', 'transactions_with_other_segments': '-10159000'}, {'segment': 'Total', 'period': 'CurrentYTDDuration', 'net_sales': '3857391000', 'revenues_from_external_customers': '3847231000', 'operating_income': '449788000', 'transactions_with_other_segments': '10159000'}, {'segment': 'NotInclude', 'period': 'CurrentYTDDuration', 'net_sales': '25330000', 'revenues_from_external_customers': '25330000', 'operating_income': '20214000', 'transactions_with_other_segments': None}, {'segment': 'Total', 'period': 'CurrentYTDDuration', 'net_sales': '3832060000', 'revenues_from_external_customers': '3821901000', 'operating_income': '429573000', 'transactions_with_other_segments': '10159000'}, {'segment': 'RealEstateRentalAndManagementBusiness', 'period': 'CurrentYTDDuration', 'net_sales': '216991000', 'revenues_from_external_customers': '216886000', 'operating_income': '70046000', 'transactions_with_other_segments': '104000'}, {'segment': 'CondominiumsBusinessForAssetManagement', 'period': 'CurrentYTDDuration', 'net_sales': '2074983000', 'revenues_from_external_customers': '2074983000', 'operating_income': '373196000', 'transactions_with_other_segments': None}, {'segment': 'CondominiumsBusinessForResidence', 'period': 'CurrentYTDDuration', 'net_sales': '1428440000', 'revenues_from_external_customers': '1428440000', 'operating_income': '-22621000', 'transactions_with_other_segments': None}, {'segment': 'BuildingMaintenanceBusiness', 'period': 'CurrentYTDDuration', 'net_sales': '111645000', 'revenues_from_external_customers': '101590000', 'operating_income': '8951000', 'transactions_with_other_segments': '10054000'}]",1965000,,,,,,2020,2,,38.37
values,3246,株式会社コーセーアールイー,代表取締役社長　　諸藤　敏一,福岡市中央区赤坂一丁目15番30号,2020-10-31,2020-12-10,2020-12-10,2020-12-08,四半期報告書－第31期第3四半期(令和2年8月1日－令和2年10月31日),2021年1月期　第3四半期決算短信〔日本基準〕〔連結〕,Japan GAAP,10156767,10368000,211233,19557820000,17814533000,4684856000,,,,,,11362318000,,,,,,,1743287000,1642623000,596643000,,1017561000,,12086000,,88576000,,,,,12149311000,11107470000,7915238000,175674000,175674000,,,,5489000000,,,1571604000,,,,,116974000,4234072000,,,,,4046866000,,,7408508000,7346962000,1562450000,1444032000,4355613000,-15133000,1052000,60493000,6057575000,4326125000,1731449000,28.58,1303277000,428172000,7.07,187094000,,,,,122432000,105694000,,492833000,,,,,,,,492833000,173716000,35.25,319116000,-6429000,325546000,5.37,,492833000,,,,,,,,,,,,,,,,,,,,,,,,,,,,,0,9300000000,670000000,652000000,485000000,15,57,723,428172000,7.9,7.89,0.48,2.66,2.97,2.64,2.07,,21.51,,,24.68,4.05,65.14,63.91,67.12,23.95,6.0,,609.42,9.42,11186644000,600.0,5.71,56.79,14.22,-541.83,6422614000,163.66,1.51,225.07,11.06,7348015000,37.57,325546000,,,,"[{'segment': 'BuildingMaintenanceBusiness', 'period': 'CurrentYTDDuration', 'net_sales': '172962000', 'revenues_from_external_customers': '158643000', 'operating_income': '13934000', 'transactions_with_other_segments': '14319000'}, {'segment': 'Reconcile', 'period': 'CurrentYTDDuration', 'net_sales': '-14464000', 'revenues_from_external_customers': None, 'operating_income': '-264812000', 'transactions_with_other_segments': '-14464000'}, {'segment': 'Total', 'period': 'CurrentYTDDuration', 'net_sales': '6072039000', 'revenues_from_external_customers': '6057575000', 'operating_income': '692984000', 'transactions_with_other_segments': '14464000'}, {'segment': 'NotInclude', 'period': 'CurrentYTDDuration', 'net_sales': '239013000', 'revenues_from_external_customers': '239013000', 'operating_income': '64551000', 'transactions_with_other_segments': None}, {'segment': 'Total', 'period': 'CurrentYTDDuration', 'net_sales': '5833025000', 'revenues_from_external_customers': '5818561000', 'operating_income': '628432000', 'transactions_with_other_segments': '14464000'}, {'segment': 'RealEstateRentalAndManagementBusiness', 'period': 'CurrentYTDDuration', 'net_sales': '318074000', 'revenues_from_external_customers': '317930000', 'operating_income': '112733000', 'transactions_with_other_segments': '144000'}, {'segment': 'CondominiumsBusinessForAssetManagement', 'period': 'CurrentYTDDuration', 'net_sales': '3073954000', 'revenues_from_external_customers': '3073954000', 'operating_income': '487456000', 'transactions_with_other_segments': None}, {'segment': 'CondominiumsBusinessForResidence', 'period': 'CurrentYTDDuration', 'net_sales': '2268034000', 'revenues_from_external_customers': '2268034000', 'operating_income': '14308000', 'transactions_with_other_segments': None}]",0,,,,,,2020,3,,35.25
values,3246,株式会社コーセーアールイー,代表取締役社長　　諸藤　敏一,福岡市中央区赤坂一丁目15番30号,2021-01-31,2021-04-28,2021-04-28,2021-03-12,有価証券報告書－第31期(令和2年2月1日－令和3年1月31日),2021年1月期　決算短信〔日本基準〕(連結),Japan GAAP,10156767,10368000,211233,20859378000,19136916000,5000763000,10275000,,,10275000,,13951017000,,,,,,,1722461000,1633248000,819509000,,1017561000,,11397000,,77815000,,,-4953000,,13197664000,11876769000,9671171000,216086000,216086000,,,,8047200000,,,495804000,,,,38611000,222167000,3526492000,,,,,3333765000,,,7661713000,7602135000,1562450000,1444032000,4610786000,-15133000,,59577000,9375168000,6805251000,2569917000,27.41,1815635000,754281000,8.05,260128000,,,,,174671000,156281000,,839738000,,,,,,,,839738000,266364000,31.72,573374000,-7345000,580720000,6.19,-2049975000,839738000,40593000,,4876000,-4453164000,-419304000,-373868000,,,,,-8965000,,,,-473000,12427000,,,3583264000,5766200000,2739200000,-4779400000,,,,,-131767000,,-2058940000,11230000000,892000000,1072000000,753000000,15,57,748,794874000,7.64,7.62,0.45,2.74,2.78,2.5,2.0,-21.87,19.37,1.58,,20.72,4.83,83.48,84.56,77.12,23.97,6.4,0.4,748.26,11.59,13745206000,737.07,5.74,56.94,15.2,-579.36,6876006000,171.92,1.56,197.88,11.84,7602136000,36.44,2630695000,86,109013581,8770709,"[{'segment': 'BuildingMaintenanceBusiness', 'period': 'CurrentYearDuration', 'net_sales': '248406000', 'revenues_from_external_customers': '221137000', 'operating_income': '21428000', 'transactions_with_other_segments': '27268000'}, {'segment': 'Total', 'period': 'CurrentYearDuration', 'net_sales': '9402570000', 'revenues_from_external_customers': '9375168000', 'operating_income': '1092744000', 'transactions_with_other_segments': '27401000'}, {'segment': 'NotInclude', 'period': 'CurrentYearDuration', 'net_sales': '254984000', 'revenues_from_external_customers': '254984000', 'operating_income': '76878000', 'transactions_with_other_segments': None}, {'segment': 'Total', 'period': 'CurrentYearDuration', 'net_sales': '9147585000', 'revenues_from_external_customers': '9120184000', 'operating_income': '1015865000', 'transactions_with_other_segments': '27401000'}, {'segment': 'RealEstateRentalAndManagementBusiness', 'period': 'CurrentYearDuration', 'net_sales': '418366000', 'revenues_from_external_customers': '418233000', 'operating_income': '148593000', 'transactions_with_other_segments': '132000'}, {'segment': 'CondominiumsBusinessForAssetManagement', 'period': 'CurrentYearDuration', 'net_sales': '4328226000', 'revenues_from_external_customers': '4328226000', 'operating_income': '611071000', 'transactions_with_other_segments': None}, {'segment': 'CondominiumsBusinessForResidence', 'period': 'CurrentYearDuration', 'net_sales': '4152586000', 'revenues_from_external_customers': '4152586000', 'operating_income': '234772000', 'transactions_with_other_segments': None}, {'segment': 'Reconcile', 'period': 'CurrentYearDuration', 'net_sales': '-27401000', 'revenues_from_external_customers': None, 'operating_income': '-338462000', 'transactions_with_other_segments': '-27401000'}]",8965000,,,,,,2020,4,26.23,31.72
values,3246,株式会社コーセーアールイー,代表取締役社長　　諸藤　敏一,福岡市中央区赤坂一丁目15番30号,2021-04-30,2021-06-10,2021-06-10,2021-06-08,四半期報告書－第32期第1四半期(令和3年2月1日－令和3年4月30日),2022年1月期　第1四半期決算短信〔日本基準〕(連結),Japan GAAP,10156767,10368000,211233,18411230000,16696352000,5597970000,,,,,,10932689000,,,,,,,1714878000,1623990000,583524000,,1017561000,,11907000,,78981000,,,,,10352797000,8985668000,6861060000,132290000,132290000,,,,4939000000,,,737604000,,,,,267993000,3491736000,,,,,3309064000,,,8058433000,7999563000,1562450000,1444032000,5008214000,-15133000,,58869000,5780135000,4535723000,1244411000,21.53,485607000,758804000,13.13,98866000,,,,,58435000,52598000,,799235000,,,,,,,,799235000,250163000,31.3,549071000,-708000,549779000,9.51,,799235000,,,,,,,,,,,,,,,,,,,,,,,,,,,,,0,11230000000,892000000,1072000000,753000000,25,86,787,758804000,11.0,10.98,0.61,2.3,4.78,4.41,3.17,,8.4,,,6.93,14.43,51.47,85.07,73.01,30.41,5.95,,470.9,5.7,10800399000,465.2,6.95,48.81,9.55,144.22,3387698000,128.23,1.12,243.35,3.85,7999564000,43.45,549779000,,,,"[{'segment': 'Reconcile', 'period': 'CurrentYTDDuration', 'net_sales': '-6603000', 'revenues_from_external_customers': None, 'operating_income': '-113689000', 'transactions_with_other_segments': '-6603000'}, {'segment': 'Total', 'period': 'CurrentYTDDuration', 'net_sales': '5786738000', 'revenues_from_external_customers': '5780135000', 'operating_income': '872493000', 'transactions_with_other_segments': '6603000'}, {'segment': 'NotInclude', 'period': 'CurrentYTDDuration', 'net_sales': '20753000', 'revenues_from_external_customers': '20753000', 'operating_income': '16908000', 'transactions_with_other_segments': None}, {'segment': 'Total', 'period': 'CurrentYTDDuration', 'net_sales': '5765985000', 'revenues_from_external_customers': '5759381000', 'operating_income': '855585000', 'transactions_with_other_segments': '6603000'}, {'segment': 'RealEstateRentalAndManagementBusiness', 'period': 'CurrentYTDDuration', 'net_sales': '120106000', 'revenues_from_external_customers': '120106000', 'operating_income': '37746000', 'transactions_with_other_segments': None}, {'segment': 'CondominiumsBusinessForAssetManagement', 'period': 'CurrentYTDDuration', 'net_sales': '5073631000', 'revenues_from_external_customers': '5073631000', 'operating_income': '847665000', 'transactions_with_other_segments': None}, {'segment': 'CondominiumsBusinessForResidence', 'period': 'CurrentYTDDuration', 'net_sales': '505861000', 'revenues_from_external_customers': '505861000', 'operating_income': '-34550000', 'transactions_with_other_segments': None}, {'segment': 'BuildingMaintenanceBusiness', 'period': 'CurrentYTDDuration', 'net_sales': '66385000', 'revenues_from_external_customers': '59781000', 'operating_income': '4723000', 'transactions_with_other_segments': '6603000'}]",0,,,,,,2021,1,,31.3
values,3246,株式会社コーセーアールイー,代表取締役社長　　諸藤　敏一,福岡市中央区赤坂一丁目15番30号,2021-07-31,2021-09-10,2021-09-10,2021-09-08,四半期報告書－第32期第2四半期(令和3年5月1日－令和3年7月31日),2022年1月期　第2四半期決算短信〔日本基準〕（連結）,Japan GAAP,10156767,10368000,211233,17900084000,16202435000,5980476000,,,,,,10181350000,,,,,,,1697649000,1615021000,576975000,,1017561000,,13089000,,69539000,,,,,9754097000,8264267000,6303280000,150914000,150914000,,,,4265500000,,,723804000,,,,,305742000,3450816000,,,,,3274963000,,,8145987000,8088204000,1562450000,1444032000,5096855000,-15133000,,57783000,7409294000,5687497000,1721797000,23.24,869656000,852140000,11.5,167539000,,,,,100265000,90726000,,919414000,,,,,,,,919414000,282789000,30.76,636625000,-1794000,638419000,8.62,4764065000,919414000,29678000,,-2777000,3769820000,-304147000,-7088000,,,,,-13142000,,,,,,,,-3777265000,-3781700000,266000000,-96802000,,,,,-151787000,,4750923000,11230000000,892000000,1072000000,753000000,25,86,796,881818000,10.88,10.86,0.63,2.21,4.92,4.58,3.14,64.3,11.74,1.72,,10.65,9.39,65.98,95.53,84.78,33.41,6.36,,438.54,6.5,10030436000,432.04,6.99,46.17,8.78,132.64,2283791000,119.52,1.02,257.05,2.6,8088204000,45.19,-4125646000,,,,"[{'segment': 'Reconcile', 'period': 'CurrentYTDDuration', 'net_sales': '-9717000', 'revenues_from_external_customers': None, 'operating_income': '-169773000', 'transactions_with_other_segments': '-9717000'}, {'segment': 'Total', 'period': 'CurrentYTDDuration', 'net_sales': '7419012000', 'revenues_from_external_customers': '7409294000', 'operating_income': '1021914000', 'transactions_with_other_segments': '9717000'}, {'segment': 'NotInclude', 'period': 'CurrentYTDDuration', 'net_sales': '39126000', 'revenues_from_external_customers': '39126000', 'operating_income': '31673000', 'transactions_with_other_segments': None}, {'segment': 'Total', 'period': 'CurrentYTDDuration', 'net_sales': '7379885000', 'revenues_from_external_customers': '7370168000', 'operating_income': '990240000', 'transactions_with_other_segments': '9717000'}, {'segment': 'RealEstateRentalAndManagementBusiness', 'period': 'CurrentYTDDuration', 'net_sales': '228242000', 'revenues_from_external_customers': '228242000', 'operating_income': '67897000', 'transactions_with_other_segments': None}, {'segment': 'CondominiumsBusinessForAssetManagement', 'period': 'CurrentYTDDuration', 'net_sales': '6052314000', 'revenues_from_external_customers': '6052314000', 'operating_income': '994172000', 'transactions_with_other_segments': None}, {'segment': 'CondominiumsBusinessForResidence', 'period': 'CurrentYTDDuration', 'net_sales': '967477000', 'revenues_from_external_customers': '967477000', 'operating_income': '-82939000', 'transactions_with_other_segments': None}, {'segment': 'BuildingMaintenanceBusiness', 'period': 'CurrentYTDDuration', 'net_sales': '131851000', 'revenues_from_external_customers': '122133000', 'operating_income': '11109000', 'transactions_with_other_segments': '9717000'}]",13142000,,,,,,2021,2,,30.76
values,3246,株式会社コーセーアールイー,代表取締役社長　　諸藤　敏一,福岡市中央区赤坂一丁目15番30号,2021-10-31,2021-12-10,2021-12-10,2021-12-08,四半期報告書－第32期第3四半期(令和3年8月1日－令和3年10月31日),2022年1月期　第3四半期決算短信〔日本基準〕（連結）,Japan GAAP,10156767,10368000,211233,17596193000,15894223000,6317426000,,,,,,9540153000,,,,,,,1701970000,1623122000,570425000,,1017561000,,12237000,,66609000,,,,,9400407000,7899098000,5507295000,105823000,105823000,,,,3563100000,,,638565000,,,,,172497000,3893111000,,,,,3697433000,,,8195785000,8138449000,1562450000,1444032000,5147100000,-15133000,,57336000,8914939000,6793874000,2121064000,23.79,1224016000,897048000,10.06,240160000,,,,,143184000,125935000,,994024000,,,,,,,,994024000,307600000,30.94,686423000,-2241000,688665000,7.72,,994024000,,,,,,,,,,,,,,,,,,,,,,,,,,,,,0,11230000000,892000000,1072000000,753000000,25,86,801,897048000,10.81,10.79,0.64,2.16,5.0,4.67,3.12,,13.73,,,14.04,7.12,79.39,100.57,91.46,35.9,6.72,,410.92,4.56,9434330000,406.36,6.96,44.89,8.4,126.78,1581672000,114.49,0.97,288.6,1.8,8138449000,46.25,688665000,,,,"[{'segment': 'Reconcile', 'period': 'CurrentYTDDuration', 'net_sales': '-13687000', 'revenues_from_external_customers': None, 'operating_income': '-252354000', 'transactions_with_other_segments': '-13687000'}, {'segment': 'Total', 'period': 'CurrentYTDDuration', 'net_sales': '8928626000', 'revenues_from_external_customers': '8914939000', 'operating_income': '1149402000', 'transactions_with_other_segments': '13687000'}, {'segment': 'NotInclude', 'period': 'CurrentYTDDuration', 'net_sales': '67643000', 'revenues_from_external_customers': '67643000', 'operating_income': '56184000', 'transactions_with_other_segments': None}, {'segment': 'Total', 'period': 'CurrentYTDDuration', 'net_sales': '8860983000', 'revenues_from_external_customers': '8847295000', 'operating_income': '1093218000', 'transactions_with_other_segments': '13687000'}, {'segment': 'RealEstateRentalAndManagementBusiness', 'period': 'CurrentYTDDuration', 'net_sales': '326590000', 'revenues_from_external_customers': '326590000', 'operating_income': '99286000', 'transactions_with_other_segments': None}, {'segment': 'CondominiumsBusinessForAssetManagement', 'period': 'CurrentYTDDuration', 'net_sales': '6733314000', 'revenues_from_external_customers': '6733314000', 'operating_income': '1095901000', 'transactions_with_other_segments': None}, {'segment': 'CondominiumsBusinessForResidence', 'period': 'CurrentYTDDuration', 'net_sales': '1598444000', 'revenues_from_external_customers': '1598444000', 'operating_income': '-121475000', 'transactions_with_other_segments': None}, {'segment': 'BuildingMaintenanceBusiness', 'period': 'CurrentYTDDuration', 'net_sales': '202633000', 'revenues_from_external_customers': '188946000', 'operating_income': '19505000', 'transactions_with_other_segments': '13687000'}]",0,,,,,,2021,3,,30.94
values,3246,株式会社コーセーアールイー,代表取締役社長　　諸藤　敏一,福岡市中央区赤坂一丁目15番30号,2022-01-31,2022-04-28,2022-04-28,2022-03-14,有価証券報告書－第32期(令和3年2月1日－令和4年1月31日),2022年1月期　決算短信［日本基準］（連結）,Japan GAAP,10156767,10368000,211233,17417226000,16851100000,6521148000,12909000,,,12909000,,10222202000,,,,,,,566126000,484106000,223677000,,328072000,,11386000,,70633000,,,-5198000,,9030430000,7326595000,5411058000,38207000,38207000,,,,3334500000,,,567518000,,,,301524000,271896000,3619371000,,,,,3424577000,,,8386796000,8329790000,1562450000,1444032000,5338441000,-15133000,,57005000,11288896000,8474075000,2814820000,24.93,1672917000,1141903000,10.12,310073000,,,,,181199000,160632000,,1270778000,,,,,,,,1270778000,393344000,30.95,877433000,-2572000,880006000,7.8,6230428000,1270778000,39672000,,-2633000,4860558000,-416854000,-2458000,,,,,-14246000,7150000,,,,,,,-4708985000,-4712700000,2489024000,-2326498000,,,,,-152175000,,6216182000,10200000000,1200000000,1410000000,968000000,25,86,820,1181575000,10.56,10.55,0.65,2.09,5.05,4.78,3.05,55.19,14.82,1.41,,14.07,7.11,110.68,95.16,90.91,37.44,6.93,0.42,440.3,1.65,10196904000,439.07,23.32,42.07,7.79,117.59,805447000,107.48,0.88,311.42,0.92,8329791000,47.83,-5350422000,83,136010795,13757867,"[{'segment': 'BuildingMaintenanceBusiness', 'period': 'CurrentYearDuration', 'net_sales': '274573000', 'revenues_from_external_customers': '257131000', 'operating_income': '26100000', 'transactions_with_other_segments': '17442000'}, {'segment': 'Total', 'period': 'CurrentYearDuration', 'net_sales': '11306339000', 'revenues_from_external_customers': '11288896000', 'operating_income': '1488069000', 'transactions_with_other_segments': '17442000'}, {'segment': 'NotInclude', 'period': 'CurrentYearDuration', 'net_sales': '81524000', 'revenues_from_external_customers': '81524000', 'operating_income': '58896000', 'transactions_with_other_segments': None}, {'segment': 'Total', 'period': 'CurrentYearDuration', 'net_sales': '11224814000', 'revenues_from_external_customers': '11207371000', 'operating_income': '1429173000', 'transactions_with_other_segments': '17442000'}, {'segment': 'RealEstateRentalAndManagementBusiness', 'period': 'CurrentYearDuration', 'net_sales': '432942000', 'revenues_from_external_customers': '432942000', 'operating_income': '129767000', 'transactions_with_other_segments': None}, {'segment': 'CondominiumsBusinessForAssetManagement', 'period': 'CurrentYearDuration', 'net_sales': '8008646000', 'revenues_from_external_customers': '8008646000', 'operating_income': '1305729000', 'transactions_with_other_segments': None}, {'segment': 'CondominiumsBusinessForResidence', 'period': 'CurrentYearDuration', 'net_sales': '2508651000', 'revenues_from_external_customers': '2508651000', 'operating_income': '-32424000', 'transactions_with_other_segments': None}, {'segment': 'Reconcile', 'period': 'CurrentYearDuration', 'net_sales': '-17442000', 'revenues_from_external_customers': None, 'operating_income': '-346165000', 'transactions_with_other_segments': '-17442000'}]",14246000,,,,,,2021,4,28.85,30.95
values,8927,株式会社明豊エンタープライズ,代表取締役社長　梅木　隆宏,東京都目黒区目黒二丁目10番11号,2018-10-31,2019-09-13,2019-09-13,2018-12-14,訂正四半期報告書－第51期第1四半期(平成30年8月1日－平成30年10月31日),平成31年７月期　第１四半期決算短信[日本基準]（連結）,Japan GAAP,23613840,24661000,1047160,10964309000,10446643000,1207120000,29038000,,,29038000,,7267012000,,,,,,-3073000,517666000,19258000,,,,,2031000,,496376000,49439000,201370000,-845850000,,6947359000,6030568000,4828366000,,,95482000,,,1630353000,,1193000,2520316000,20000000,,,,285000,2118993000,50000000,,,,1804192000,4514000,,4016949000,3993331000,100000000,1495610000,2778195000,-380474000,12765000,10853000,1385279000,1133321000,251958000,18.19,234119000,17839000,1.29,15584000,,14302000,,,52066000,34826000,,-18643000,,,,,,,,-18643000,24547000,-131.67,-43190000,218000,-43409000,,,-18643000,,,,,,,,,,,,,,,,,,,,,,,,,,,,,0,14000000000,920000000,710000000,600000000,5,5,169,17839000,3.45,3.15,0.97,2.74,1.26,2.95,2.95,,16.9,,,195.22,0.51,9.89,1.94,-7.23,11.01,1.36,1.0,291.16,,7296050000,292.16,552.4,55.0,6.8,-391.95,4823448000,157.99,1.51,216.36,34.92,4006096000,36.54,-43409000,,,,"[{'segment': 'DetachedRealEstate', 'period': 'CurrentYTDDuration', 'net_sales': '768192000', 'revenues_from_external_customers': '768192000', 'operating_income': '3388000', 'transactions_with_other_segments': None}, {'segment': 'RealEstateLeasing', 'period': 'CurrentYTDDuration', 'net_sales': '547342000', 'revenues_from_external_customers': '547342000', 'operating_income': '40196000', 'transactions_with_other_segments': None}, {'segment': 'RealEstateIntermediary', 'period': 'CurrentYTDDuration', 'net_sales': '3000000', 'revenues_from_external_customers': '3000000', 'operating_income': '2917000', 'transactions_with_other_segments': None}, {'segment': 'ConstructionBusiness', 'period': 'CurrentYTDDuration', 'net_sales': '52333000', 'revenues_from_external_customers': '50770000', 'operating_income': '-936000', 'transactions_with_other_segments': '1563000'}, {'segment': 'Total', 'period': 'CurrentYTDDuration', 'net_sales': '1370868000', 'revenues_from_external_customers': '1369305000', 'operating_income': '45566000', 'transactions_with_other_segments': '1563000'}, {'segment': 'NotInclude', 'period': 'CurrentYTDDuration', 'net_sales': '15974000', 'revenues_from_external_customers': '15974000', 'operating_income': '14726000', 'transactions_with_other_segments': None}, {'segment': 'Total', 'period': 'CurrentYTDDuration', 'net_sales': '1386843000', 'revenues_from_external_customers': '1385279000', 'operating_income': '60293000', 'transactions_with_other_segments': '1563000'}, {'segment': 'Reconcile', 'period': 'CurrentYTDDuration', 'net_sales': '-1563000', 'revenues_from_external_customers': None, 'operating_income': '-42454000', 'transactions_with_other_segments': '-1563000'}]",0,,,,,,2018,1,,-131.67
values,8927,株式会社明豊エンタープライズ,代表取締役社長 梅木 隆宏,東京都目黒区目黒二丁目10番11号,2019-01-31,2019-09-13,2019-09-13,2019-03-15,訂正四半期報告書－第51期第2四半期(平成30年11月1日－平成31年1月31日),平成31年7月期　第2四半期決算短信[日本基準]（連結）,Japan GAAP,23613840,24661000,1047160,11931766000,11402453000,1119876000,45804000,,,45804000,,8459174000,,,,,,-3058000,529312000,18340000,,,,,1832000,,509139000,45279000,218857000,-846700000,,7966347000,7197793000,6120160000,,,144780000,,,2892847000,,1107000,2701416000,20000000,,,,5189000,1846187000,40000000,,,,1538188000,4235000,,3965418000,3946047000,100000000,1495610000,2730911000,-380474000,8605000,10764000,2923774000,2445939000,477835000,16.34,481523000,-3687000,,30014000,,27326000,,,104868000,73645000,,-78541000,,,,,,,,-78541000,12020000,-15.3,-90562000,130000,-90693000,,-3027659000,-78541000,2207000,,1222000,-2493549000,-12634000,370639000,,,,,-492000,,,,,,,,2132370000,1812934000,1512400000,-991508000,,-10000000,,,-188910000,,-3028151000,14000000000,920000000,710000000,600000000,5,5,167,,3.49,3.19,0.89,3.02,1.16,2.65,2.99,-103.55,16.47,0.46,,-1997.42,-0.05,20.88,-0.4,-15.12,9.39,1.26,1.57,338.93,,8504978000,340.5,580.05,60.32,8.12,-467.81,6077917000,183.31,1.82,186.31,44.0,3954654000,33.14,2936966000,,,,"[{'segment': 'DetachedRealEstate', 'period': 'CurrentYTDDuration', 'net_sales': '1698525000', 'revenues_from_external_customers': '1698525000', 'operating_income': '-27979000', 'transactions_with_other_segments': None}, {'segment': 'RealEstateLeasing', 'period': 'CurrentYTDDuration', 'net_sales': '1092998000', 'revenues_from_external_customers': '1092998000', 'operating_income': '94604000', 'transactions_with_other_segments': None}, {'segment': 'RealEstateIntermediary', 'period': 'CurrentYTDDuration', 'net_sales': '3249000', 'revenues_from_external_customers': '3249000', 'operating_income': '3138000', 'transactions_with_other_segments': None}, {'segment': 'ConstructionBusiness', 'period': 'CurrentYTDDuration', 'net_sales': '111738000', 'revenues_from_external_customers': '102388000', 'operating_income': '5520000', 'transactions_with_other_segments': '9350000'}, {'segment': 'Total', 'period': 'CurrentYTDDuration', 'net_sales': '2906512000', 'revenues_from_external_customers': '2897162000', 'operating_income': '75284000', 'transactions_with_other_segments': '9350000'}, {'segment': 'NotInclude', 'period': 'CurrentYTDDuration', 'net_sales': '26612000', 'revenues_from_external_customers': '26612000', 'operating_income': '21898000', 'transactions_with_other_segments': None}, {'segment': 'Total', 'period': 'CurrentYTDDuration', 'net_sales': '2933125000', 'revenues_from_external_customers': '2923774000', 'operating_income': '97183000', 'transactions_with_other_segments': '9350000'}, {'segment': 'Reconcile', 'period': 'CurrentYTDDuration', 'net_sales': '-9350000', 'revenues_from_external_customers': None, 'operating_income': '-100871000', 'transactions_with_other_segments': '-9350000'}]",492000,,,,,,2018,2,,-15.3
values,8927,株式会社明豊エンタープライズ,代表取締役社長　梅木　隆宏,東京都目黒区目黒二丁目10番11号,2019-04-30,2019-09-13,2019-09-13,2019-06-14,訂正四半期報告書－第51期第3四半期(平成31年2月1日－平成31年4月30日),2019年7月期　第3四半期決算短信[日本基準]（連結）,Japan GAAP,23613840,24661000,1047160,12710202000,12205233000,1125303000,37917000,,,37917000,,9286461000,,,,,,-1651000,504969000,17418000,,,,,1633000,,485917000,42351000,202284000,-846550000,,8629052000,7634576000,5915359000,,,211633000,,,3535042000,,1111000,1605544000,36000000,,,,1116000,2713692000,104000000,,,,2348924000,3955000,,4081150000,4064181000,100000000,1495610000,2849045000,-380474000,5677000,11291000,6326736000,5383609000,943126000,14.91,756275000,186850000,2.95,53326000,,38743000,,,177493000,115927000,,62684000,,,,,,,,62684000,34586000,55.18,28097000,657000,27440000,0.43,,62684000,,,,,,,,,,,,,,,,,,,,,,,,,,,,,0,14000000000,920000000,710000000,600000000,5,5,172,186850000,3.39,3.1,0.84,3.12,1.09,2.53,2.9,,11.95,,,62.04,1.61,45.19,20.31,4.57,8.85,1.27,1.3,372.08,,9324378000,373.38,610.76,60.07,8.61,-496.2,6509273000,193.41,1.88,206.33,47.12,4069859000,32.02,27440000,,,,"[{'segment': 'DetachedRealEstate', 'period': 'CurrentYTDDuration', 'net_sales': '4418304000', 'revenues_from_external_customers': '4418304000', 'operating_income': '98359000', 'transactions_with_other_segments': None}, {'segment': 'RealEstateLeasing', 'period': 'CurrentYTDDuration', 'net_sales': '1679754000', 'revenues_from_external_customers': '1679754000', 'operating_income': '173792000', 'transactions_with_other_segments': None}, {'segment': 'RealEstateIntermediary', 'period': 'CurrentYTDDuration', 'net_sales': '26822000', 'revenues_from_external_customers': '26822000', 'operating_income': '18142000', 'transactions_with_other_segments': None}, {'segment': 'ConstructionBusiness', 'period': 'CurrentYTDDuration', 'net_sales': '189951000', 'revenues_from_external_customers': '159814000', 'operating_income': '24425000', 'transactions_with_other_segments': '30136000'}, {'segment': 'Total', 'period': 'CurrentYTDDuration', 'net_sales': '6314832000', 'revenues_from_external_customers': '6284696000', 'operating_income': '314720000', 'transactions_with_other_segments': '30136000'}, {'segment': 'NotInclude', 'period': 'CurrentYTDDuration', 'net_sales': '42039000', 'revenues_from_external_customers': '42039000', 'operating_income': '35013000', 'transactions_with_other_segments': None}, {'segment': 'Total', 'period': 'CurrentYTDDuration', 'net_sales': '6356872000', 'revenues_from_external_customers': '6326736000', 'operating_income': '349733000', 'transactions_with_other_segments': '30136000'}, {'segment': 'Reconcile', 'period': 'CurrentYTDDuration', 'net_sales': '-30136000', 'revenues_from_external_customers': None, 'operating_income': '-162882000', 'transactions_with_other_segments': '-30136000'}]",0,,,,,,2018,3,,55.18
values,8927,株式会社明豊エンタープライズ,代表取締役社長　梅木　隆宏,東京都目黒区目黒二丁目10番11号,2019-07-31,2019-10-30,2019-10-30,2019-09-13,有価証券報告書－第51期(平成30年8月1日－令和1年7月31日),2019年７月期　決算短信[日本基準]（連結）,Japan GAAP,23613840,24661000,1047160,11521222000,10513149000,1684961000,34400000,,,34400000,,7015477000,,,,,,-1276000,1008073000,616704000,184209000,,428215000,,1434000,,389934000,40962000,94297000,-847000000,,7330857000,6277477000,4720406000,,,286135000,,,2660020000,,1117000,1228576000,36000000,,,,10028000,2610450000,94000000,,,,2254090000,3674000,,4190365000,4174875000,100000000,1495610000,2959739000,-380474000,4288000,11200000,10638169000,9109874000,1528294000,14.37,1079872000,448422000,4.22,70779000,,50430000,,,228109000,157602000,,291092000,,,,,,,,291092000,152391000,52.35,138700000,566000,138134000,1.3,-1538603000,291092000,5181000,,12625000,-1649662000,128719000,371524000,,,,,-492000,,,,,,,,1208645000,1580106000,3061010000,-3297056000,76591000,-20000000,,,-188910000,,-1539095000,13200000000,590000000,410000000,200000000,5,5,176,453603000,3.31,3.03,0.92,2.76,1.2,2.83,2.83,-14.46,10.15,0.34,,35.15,2.85,80.59,76.0,69.07,14.62,1.9,1.18,281.09,,7049877000,282.27,17.25,54.49,7.08,-408.0,4592516000,160.38,1.5,222.72,33.25,4179165000,36.27,1676737000,75,141842253,5978960,"[{'segment': 'DetachedRealEstate', 'period': 'CurrentYearDuration', 'net_sales': '8133100000', 'revenues_from_external_customers': '8133100000', 'operating_income': '343162000', 'transactions_with_other_segments': None}, {'segment': 'RealEstateLeasing', 'period': 'CurrentYearDuration', 'net_sales': '2234213000', 'revenues_from_external_customers': '2234213000', 'operating_income': '231561000', 'transactions_with_other_segments': None}, {'segment': 'RealEstateIntermediary', 'period': 'CurrentYearDuration', 'net_sales': '26822000', 'revenues_from_external_customers': '26822000', 'operating_income': '18291000', 'transactions_with_other_segments': None}, {'segment': 'ConstructionBusiness', 'period': 'CurrentYearDuration', 'net_sales': '254311000', 'revenues_from_external_customers': '203146000', 'operating_income': '30677000', 'transactions_with_other_segments': '51165000'}, {'segment': 'Total', 'period': 'CurrentYearDuration', 'net_sales': '10648448000', 'revenues_from_external_customers': '10597283000', 'operating_income': '623693000', 'transactions_with_other_segments': '51165000'}, {'segment': 'NotInclude', 'period': 'CurrentYearDuration', 'net_sales': '40886000', 'revenues_from_external_customers': '40886000', 'operating_income': '39406000', 'transactions_with_other_segments': None}, {'segment': 'Total', 'period': 'CurrentYearDuration', 'net_sales': '10689334000', 'revenues_from_external_customers': '10638169000', 'operating_income': '663100000', 'transactions_with_other_segments': '51165000'}, {'segment': 'Reconcile', 'period': 'CurrentYearDuration', 'net_sales': '-51165000', 'revenues_from_external_customers': None, 'operating_income': '-214677000', 'transactions_with_other_segments': '-51165000'}]",492000,,,,,,2018,4,85.47,52.35
values,8927,株式会社明豊エンタープライズ,代表取締役社長　梅木　隆宏,東京都目黒区目黒二丁目10番11号,2019-10-31,2019-12-13,2019-12-13,2019-12-13,四半期報告書－第52期第1四半期(令和1年8月1日－令和1年10月31日),2020年７月期第１四半期決算短信〔日本基準〕(連結),Japan GAAP,23613840,24661000,1047160,10849968000,9866412000,1516168000,38790000,,,38790000,,6522576000,,,,,,-1352000,983556000,613866000,,,,,1235000,,368454000,39784000,82455000,-846850000,,6929884000,5822566000,4523428000,,,244288000,,,2210630000,,1122000,1418186000,36000000,,,,7008000,2406455000,86000000,,,,2067236000,3392000,,3920084000,3907212000,100000000,1495610000,2692076000,-380474000,3110000,9760000,2243269000,1944169000,299100000,13.33,251112000,47987000,2.14,21745000,,11741000,,,40356000,32965000,,29376000,,,,159467000,,,,-130091000,18941000,-14.56,-149033000,559000,-149593000,,,-130091000,,,,,,,,,,,,,,,,,,,,,,,,,,,,,0,13200000000,590000000,410000000,200000000,5,12,165,47987000,7.83,7.13,0.91,2.77,2.82,5.91,3.02,,11.19,,,68.7,1.46,16.99,8.13,-74.8,13.97,1.84,1.43,284.83,,6561366000,286.26,16.14,53.66,7.05,529.67,4306398000,161.14,1.49,218.12,14.07,3910324000,36.04,9874000,,,,"[{'segment': 'DetachedRealEstate', 'period': 'CurrentYTDDuration', 'net_sales': '1643388000', 'revenues_from_external_customers': '1643388000', 'operating_income': '15683000', 'transactions_with_other_segments': None}, {'segment': 'RealEstateLeasing', 'period': 'CurrentYTDDuration', 'net_sales': '542119000', 'revenues_from_external_customers': '542119000', 'operating_income': '81463000', 'transactions_with_other_segments': None}, {'segment': 'RealEstateIntermediary', 'period': 'CurrentYTDDuration', 'net_sales': None, 'revenues_from_external_customers': None, 'operating_income': None, 'transactions_with_other_segments': None}, {'segment': 'ConstructionBusiness', 'period': 'CurrentYTDDuration', 'net_sales': '53682000', 'revenues_from_external_customers': '50676000', 'operating_income': '-2352000', 'transactions_with_other_segments': '3005000'}, {'segment': 'Total', 'period': 'CurrentYTDDuration', 'net_sales': '2239190000', 'revenues_from_external_customers': '2236184000', 'operating_income': '94794000', 'transactions_with_other_segments': '3005000'}, {'segment': 'NotInclude', 'period': 'CurrentYTDDuration', 'net_sales': '7084000', 'revenues_from_external_customers': '7084000', 'operating_income': '6553000', 'transactions_with_other_segments': None}, {'segment': 'Total', 'period': 'CurrentYTDDuration', 'net_sales': '2246274000', 'revenues_from_external_customers': '2243269000', 'operating_income': '101348000', 'transactions_with_other_segments': '3005000'}, {'segment': 'Reconcile', 'period': 'CurrentYTDDuration', 'net_sales': '-3005000', 'revenues_from_external_customers': None, 'operating_income': '-53360000', 'transactions_with_other_segments': '-3005000'}]",0,,,,,,2019,1,,-14.56
values,8927,株式会社明豊エンタープライズ,代表取締役社長 梅木 隆宏,東京都目黒区目黒二丁目10番11号,2020-01-31,2020-03-13,2020-03-13,2020-03-13,四半期報告書－第52期第2四半期(令和1年11月1日－令和2年1月31日),2020年７月期第２四半期決算短信〔日本基準〕(連結) ,Japan GAAP,23613840,24661000,1047160,10036442000,9051718000,1378628000,30476000,,,30476000,,5920800000,,,,,,-1204000,984723000,612042000,,,,,1036000,,371644000,39266000,86201000,-846700000,,5865492000,4973576000,4054101000,,,131324000,,,1651853000,,1127000,1722016000,36000000,,,,11271000,1811390000,76000000,,,,1483472000,3108000,,4170949000,4158258000,100000000,1495610000,2943122000,-380474000,2592000,10098000,5796302000,4973105000,823197000,14.2,498922000,324275000,5.59,44492000,,23484000,,,87403000,63685000,,281364000,,,,159466000,,,,121898000,19548000,16.04,102349000,897000,101452000,1.75,1117521000,121898000,6237000,,3924000,1093826000,-154810000,-2545000,,,,,,,,,,,,,-1423969000,-1008166000,1725500000,-2002678000,,-18000000,,,-118069000,,1117521000,13200000000,590000000,410000000,200000000,5,12,176,330512000,7.35,6.74,0.99,2.41,3.05,6.3,2.84,19.28,8.61,0.76,,19.64,5.09,43.91,54.96,50.73,13.74,1.67,1.12,258.55,,5951276000,259.67,16.19,49.56,6.02,452.44,3594948000,128.87,1.2,223.27,11.75,4160851000,41.46,-856603000,,,,"[{'segment': 'DetachedRealEstate', 'period': 'CurrentYTDDuration', 'net_sales': '4627071000', 'revenues_from_external_customers': '4627071000', 'operating_income': '259530000', 'transactions_with_other_segments': None}, {'segment': 'RealEstateLeasing', 'period': 'CurrentYTDDuration', 'net_sales': '1053602000', 'revenues_from_external_customers': '1053602000', 'operating_income': '152751000', 'transactions_with_other_segments': None}, {'segment': 'RealEstateIntermediary', 'period': 'CurrentYTDDuration', 'net_sales': None, 'revenues_from_external_customers': None, 'operating_income': None, 'transactions_with_other_segments': None}, {'segment': 'ConstructionBusiness', 'period': 'CurrentYTDDuration', 'net_sales': '112375000', 'revenues_from_external_customers': '101523000', 'operating_income': '385000', 'transactions_with_other_segments': '10852000'}, {'segment': 'Total', 'period': 'CurrentYTDDuration', 'net_sales': '5793050000', 'revenues_from_external_customers': '5782198000', 'operating_income': '412667000', 'transactions_with_other_segments': '10852000'}, {'segment': 'NotInclude', 'period': 'CurrentYTDDuration', 'net_sales': '14104000', 'revenues_from_external_customers': '14104000', 'operating_income': '13580000', 'transactions_with_other_segments': None}, {'segment': 'Total', 'period': 'CurrentYTDDuration', 'net_sales': '5807155000', 'revenues_from_external_customers': '5796302000', 'operating_income': '426247000', 'transactions_with_other_segments': '10852000'}, {'segment': 'Reconcile', 'period': 'CurrentYTDDuration', 'net_sales': '-10852000', 'revenues_from_external_customers': None, 'operating_income': '-101972000', 'transactions_with_other_segments': '-10852000'}]",0,,,,,,2019,2,,16.04
values,8927,株式会社明豊エンタープライズ,代表取締役社長　梅木　隆宏,東京都目黒区目黒二丁目10番11号,2020-04-30,2020-06-12,2020-06-12,2020-06-12,四半期報告書－第52期第3四半期(令和2年2月1日－令和2年4月30日),2020年７月期第３四半期決算短信〔日本基準〕(連結),Japan GAAP,23613840,24661000,1047160,9806574000,8832379000,1732159000,84375000,,,84375000,,5242213000,,,,,,-3662000,974194000,609267000,,,,,838000,,364089000,34641000,84180000,-846550000,,5516903000,4411079000,3373689000,,,184755000,,,1122853000,,1132000,1350199000,36000000,,,,11369000,2143213000,68000000,,,,1830073000,2822000,,4289671000,4280622000,100000000,1495610000,3065486000,-380474000,-2032000,11080000,8506049000,7279200000,1226848000,14.42,743008000,483839000,5.69,58710000,,34979000,,,125448000,90558000,,417101000,,,,159466000,,,,257635000,31951000,12.4,225683000,1879000,223804000,2.63,,257635000,,,,,,,,,,,,,,,,,,,,,,,,,,,,,0,13200000000,590000000,410000000,200000000,5,12,181,483839000,7.15,6.57,1.01,2.29,3.12,6.62,2.76,,8.74,,,18.72,5.34,64.44,82.01,111.9,17.66,2.1,3.11,228.92,,5326588000,232.03,16.26,44.98,5.34,401.27,2678920000,118.13,1.03,261.8,8.76,4278591000,43.63,383270000,,,,"[{'segment': 'DetachedRealEstate', 'period': 'CurrentYTDDuration', 'net_sales': '6671610000', 'revenues_from_external_customers': '6671610000', 'operating_income': '341433000', 'transactions_with_other_segments': None}, {'segment': 'RealEstateLeasing', 'period': 'CurrentYTDDuration', 'net_sales': '1611661000', 'revenues_from_external_customers': '1611661000', 'operating_income': '257376000', 'transactions_with_other_segments': None}, {'segment': 'RealEstateIntermediary', 'period': 'CurrentYTDDuration', 'net_sales': None, 'revenues_from_external_customers': None, 'operating_income': None, 'transactions_with_other_segments': None}, {'segment': 'ConstructionBusiness', 'period': 'CurrentYTDDuration', 'net_sales': '219688000', 'revenues_from_external_customers': '199984000', 'operating_income': '17404000', 'transactions_with_other_segments': '19704000'}, {'segment': 'Total', 'period': 'CurrentYTDDuration', 'net_sales': '8502960000', 'revenues_from_external_customers': '8483256000', 'operating_income': '616214000', 'transactions_with_other_segments': '19704000'}, {'segment': 'NotInclude', 'period': 'CurrentYTDDuration', 'net_sales': '22792000', 'revenues_from_external_customers': '22792000', 'operating_income': '21963000', 'transactions_with_other_segments': None}, {'segment': 'Total', 'period': 'CurrentYTDDuration', 'net_sales': '8525753000', 'revenues_from_external_customers': '8506049000', 'operating_income': '638178000', 'transactions_with_other_segments': '19704000'}, {'segment': 'Reconcile', 'period': 'CurrentYTDDuration', 'net_sales': '-19704000', 'revenues_from_external_customers': None, 'operating_income': '-154338000', 'transactions_with_other_segments': '-19704000'}]",0,,,,,,2019,3,,12.4
values,8927,株式会社明豊エンタープライズ,代表取締役会長　矢吹　満,東京都目黒区目黒二丁目10番11号,2020-07-31,2020-10-30,2020-10-30,2020-09-14,有価証券報告書－第52期(令和1年8月1日－令和2年7月31日),2020年７月期　決算短信[日本基準]（連結）,Japan GAAP,23613840,24661000,1047160,11448357000,10412321000,2344133000,30776000,,,30776000,,6409600000,,,,,,-833000,1036035000,608911000,184209000,,428215000,,639000,,426485000,35007000,146357000,-846400000,,7075372000,5962101000,4080883000,,,127076000,,,1596507000,,1713000,1569968000,36000000,,,,18021000,2994488000,58000000,,,,2694981000,4932000,,4372984000,4362804000,100000000,1495610000,3147668000,-380474000,-1666000,11847000,9907392000,8358473000,1548919000,15.63,997099000,551819000,5.57,74734000,,46712000,,,181861000,122105000,,444693000,,,,159466000,,,,285227000,-23404000,-8.21,308631000,2646000,305985000,3.09,1099280000,285227000,12782000,,3623000,604544000,-159058000,-936000,,,,,-1397000,,,,,,,,-438541000,-1063512000,4255500000,-3473215000,,-36000000,,,-118056000,,1097883000,10600000000,590000000,500000000,320000000,5,12,184,564601000,7.02,6.45,0.87,2.63,2.67,5.57,2.71,11.1,10.06,0.83,,22.13,4.52,93.47,93.53,95.62,20.48,2.84,1.13,279.9,,6440376000,281.03,16.27,52.08,7.22,542.36,3617968000,148.85,1.37,255.15,11.82,4361137000,38.09,-633829000,75,132098560,7357586,"[{'segment': 'DetachedRealEstate', 'period': 'CurrentYearDuration', 'net_sales': '7487728000', 'revenues_from_external_customers': '7487728000', 'operating_income': '377065000', 'transactions_with_other_segments': None}, {'segment': 'RealEstateLeasing', 'period': 'CurrentYearDuration', 'net_sales': '2143133000', 'revenues_from_external_customers': '2143133000', 'operating_income': '331175000', 'transactions_with_other_segments': None}, {'segment': 'RealEstateIntermediary', 'period': 'CurrentYearDuration', 'net_sales': '1503000', 'revenues_from_external_customers': '1503000', 'operating_income': '1322000', 'transactions_with_other_segments': None}, {'segment': 'ConstructionBusiness', 'period': 'CurrentYearDuration', 'net_sales': '263205000', 'revenues_from_external_customers': '239689000', 'operating_income': '18757000', 'transactions_with_other_segments': '23516000'}, {'segment': 'Total', 'period': 'CurrentYearDuration', 'net_sales': '9895570000', 'revenues_from_external_customers': '9872054000', 'operating_income': '728319000', 'transactions_with_other_segments': '23516000'}, {'segment': 'NotInclude', 'period': 'CurrentYearDuration', 'net_sales': '35338000', 'revenues_from_external_customers': '35338000', 'operating_income': '34183000', 'transactions_with_other_segments': None}, {'segment': 'Total', 'period': 'CurrentYearDuration', 'net_sales': '9930908000', 'revenues_from_external_customers': '9907392000', 'operating_income': '762502000', 'transactions_with_other_segments': '23516000'}, {'segment': 'Reconcile', 'period': 'CurrentYearDuration', 'net_sales': '-23516000', 'revenues_from_external_customers': None, 'operating_income': '-210683000', 'transactions_with_other_segments': '-23516000'}]",1397000,,,,,,2019,4,38.59,-8.21
values,8927,株式会社明豊エンタープライズ,代表取締役会長　矢吹　満,東京都目黒区目黒二丁目10番11号,2020-10-31,2020-12-15,2020-12-15,2020-12-15,四半期報告書－第53期第1四半期(令和2年8月1日－令和2年10月31日),2021年７月期第１四半期決算短信〔日本基準〕(連結),Japan GAAP,23613840,24661000,1047160,10652395000,9610630000,1444607000,32152000,,,32152000,,6457673000,,,,,,-1073000,1041765000,605866000,,,,,440000,,435458000,35529000,132395000,-846250000,,6331426000,5199904000,4029352000,,,135531000,,,1167466000,,1724000,1927174000,36000000,,,,6275000,2302073000,50000000,,,,2013043000,4497000,,4320968000,4311724000,100000000,1495610000,3096588000,-380474000,-1144000,10389000,1776160000,1412240000,363919000,20.49,261770000,102149000,5.75,23185000,,11744000,,,37475000,32372000,,87859000,,,,,,,,87859000,20327000,23.14,67531000,542000,66989000,3.77,,87859000,,,,,,,,,,,,,,,,,,,,,,,,,,,,,0,10600000000,590000000,500000000,320000000,8,34,182,102149000,19.15,17.59,0.96,2.47,7.75,8.94,4.38,,14.74,,,31.69,3.16,16.76,17.31,20.93,13.56,1.7,1.15,289.31,,6489825000,290.46,16.8,48.81,6.13,357.57,3755297000,134.67,1.21,238.52,4.55,4310579000,40.47,66989000,,,,"[{'segment': 'DetachedRealEstate', 'period': 'CurrentYTDDuration', 'net_sales': '1203222000', 'revenues_from_external_customers': '1203222000', 'operating_income': '54421000', 'transactions_with_other_segments': None}, {'segment': 'RealEstateLeasing', 'period': 'CurrentYTDDuration', 'net_sales': '527836000', 'revenues_from_external_customers': '527836000', 'operating_income': '92682000', 'transactions_with_other_segments': None}, {'segment': 'RealEstateIntermediary', 'period': 'CurrentYTDDuration', 'net_sales': '952000', 'revenues_from_external_customers': '952000', 'operating_income': '892000', 'transactions_with_other_segments': None}, {'segment': 'ConstructionBusiness', 'period': 'CurrentYTDDuration', 'net_sales': '43941000', 'revenues_from_external_customers': '38266000', 'operating_income': '1964000', 'transactions_with_other_segments': '5675000'}, {'segment': 'Total', 'period': 'CurrentYTDDuration', 'net_sales': '1775953000', 'revenues_from_external_customers': '1770277000', 'operating_income': '149961000', 'transactions_with_other_segments': '5675000'}, {'segment': 'NotInclude', 'period': 'CurrentYTDDuration', 'net_sales': '5882000', 'revenues_from_external_customers': '5882000', 'operating_income': '5671000', 'transactions_with_other_segments': None}, {'segment': 'Total', 'period': 'CurrentYTDDuration', 'net_sales': '1781835000', 'revenues_from_external_customers': '1776160000', 'operating_income': '155632000', 'transactions_with_other_segments': '5675000'}, {'segment': 'Reconcile', 'period': 'CurrentYTDDuration', 'net_sales': '-5675000', 'revenues_from_external_customers': None, 'operating_income': '-53482000', 'transactions_with_other_segments': '-5675000'}]",0,,,,,,2020,1,,23.14
values,8927,株式会社明豊エンタープライズ,代表取締役会長 矢吹 満,東京都目黒区目黒二丁目10番11号,2021-01-31,2021-03-17,2021-03-17,2021-03-17,四半期報告書－第53期第2四半期(令和2年11月1日－令和3年1月31日),2021年７月期第２四半期決算短信〔日本基準〕(連結),Japan GAAP,23613840,24661000,1047160,11014678000,9989562000,1413899000,40455000,,,40455000,,6528299000,,,,,,-1342000,1025116000,602822000,,,,,285000,,422008000,38083000,136842000,-835420000,,6607174000,5149846000,3544295000,,,184386000,,,601400000,,1736000,1660821000,36000000,,,,15801000,3062879000,40000000,,,,2805830000,4059000,,4407504000,4395124000,100000000,1495610000,3179988000,-380474000,1409000,10969000,3131640000,2466624000,665016000,21.24,492358000,172657000,5.51,84697000,,23485000,,,79896000,63564000,,177458000,,,,,,,,177458000,25946000,14.62,151512000,1122000,150389000,4.8,1963000,177458000,6443000,,-9678000,-117252000,57309000,39004000,,,,,,,,,,,,,-932325000,-995107000,1114665000,-912963000,,-18000000,,,-118069000,,1963000,10600000000,590000000,500000000,320000000,8,34,186,179100000,18.77,17.28,0.92,2.51,7.49,8.9,4.3,0.06,15.72,0.97,,36.82,2.72,29.54,29.26,47.0,12.84,1.67,1.45,292.47,,6568754000,293.92,16.89,46.75,6.07,354.13,3735947000,138.0,1.17,281.85,4.53,4396535000,39.92,148426000,,,,"[{'segment': 'DetachedRealEstate', 'period': 'CurrentYTDDuration', 'net_sales': '1956260000', 'revenues_from_external_customers': '1956260000', 'operating_income': '83141000', 'transactions_with_other_segments': None}, {'segment': 'RealEstateLeasing', 'period': 'CurrentYTDDuration', 'net_sales': '1048863000', 'revenues_from_external_customers': '1048863000', 'operating_income': '179901000', 'transactions_with_other_segments': None}, {'segment': 'RealEstateIntermediary', 'period': 'CurrentYTDDuration', 'net_sales': '952000', 'revenues_from_external_customers': '952000', 'operating_income': '881000', 'transactions_with_other_segments': None}, {'segment': 'ConstructionBusiness', 'period': 'CurrentYTDDuration', 'net_sales': '117374000', 'revenues_from_external_customers': '111600000', 'operating_income': '1029000', 'transactions_with_other_segments': '5774000'}, {'segment': 'Total', 'period': 'CurrentYTDDuration', 'net_sales': '3123451000', 'revenues_from_external_customers': '3117677000', 'operating_income': '264954000', 'transactions_with_other_segments': '5774000'}, {'segment': 'NotInclude', 'period': 'CurrentYTDDuration', 'net_sales': '13963000', 'revenues_from_external_customers': '13963000', 'operating_income': '13521000', 'transactions_with_other_segments': None}, {'segment': 'Total', 'period': 'CurrentYTDDuration', 'net_sales': '3137414000', 'revenues_from_external_customers': '3131640000', 'operating_income': '278475000', 'transactions_with_other_segments': '5774000'}, {'segment': 'Reconcile', 'period': 'CurrentYTDDuration', 'net_sales': '-5774000', 'revenues_from_external_customers': None, 'operating_income': '-105817000', 'transactions_with_other_segments': '-5774000'}]",0,,,,,,2020,2,,14.62
values,8927,株式会社明豊エンタープライズ,代表取締役会長　矢吹　満,東京都目黒区目黒二丁目10番11号,2021-04-30,2021-06-14,2021-06-14,2021-06-14,四半期報告書－第53期第3四半期(令和3年2月1日－令和3年4月30日),2021年７月期第３四半期決算短信〔日本基準〕(連結),Japan GAAP,23613840,24661000,1047160,11701965000,10684020000,2885703000,42094000,,,42094000,,6106831000,,,,,,-1166000,1017944000,600721000,,,,,218000,,417004000,37808000,132580000,-832930000,,6799786000,5783390000,3056447000,,,126844000,,,592000000,,1747000,1636098000,36000000,,,,14479000,3743338000,32000000,,,,3481928000,3617000,,4902179000,4889202000,100000000,1495610000,3674066000,-380474000,1134000,11842000,7082403000,5678775000,1403627000,19.82,725623000,678003000,9.57,143214000,,34956000,,,133257000,93253000,,687960000,,,,,,,,687960000,41498000,6.03,646462000,1995000,644467000,9.1,,687960000,,,,,,,,,,,,,,,,,,,,,,,,,,,,,0,10180000000,950000000,920000000,740000000,8,34,207,678003000,16.88,15.66,0.87,2.39,7.05,7.96,3.86,,10.25,,,13.75,7.27,69.57,71.37,87.09,24.66,3.4,1.51,273.59,,6148925000,275.1,16.95,49.42,6.82,397.7,2897687000,128.72,1.18,349.56,3.51,4890337000,41.79,644467000,,,,"[{'segment': 'DetachedRealEstate', 'period': 'CurrentYTDDuration', 'net_sales': '5267359000', 'revenues_from_external_customers': '5267359000', 'operating_income': '493647000', 'transactions_with_other_segments': None}, {'segment': 'RealEstateLeasing', 'period': 'CurrentYTDDuration', 'net_sales': '1612336000', 'revenues_from_external_customers': '1612336000', 'operating_income': '292634000', 'transactions_with_other_segments': None}, {'segment': 'RealEstateIntermediary', 'period': 'CurrentYTDDuration', 'net_sales': '5032000', 'revenues_from_external_customers': '5032000', 'operating_income': '4877000', 'transactions_with_other_segments': None}, {'segment': 'ConstructionBusiness', 'period': 'CurrentYTDDuration', 'net_sales': '188495000', 'revenues_from_external_customers': '175622000', 'operating_income': '3635000', 'transactions_with_other_segments': '12872000'}, {'segment': 'Total', 'period': 'CurrentYTDDuration', 'net_sales': '7073224000', 'revenues_from_external_customers': '7060351000', 'operating_income': '794795000', 'transactions_with_other_segments': '12872000'}, {'segment': 'NotInclude', 'period': 'CurrentYTDDuration', 'net_sales': '22052000', 'revenues_from_external_customers': '22052000', 'operating_income': '21290000', 'transactions_with_other_segments': None}, {'segment': 'Total', 'period': 'CurrentYTDDuration', 'net_sales': '7095276000', 'revenues_from_external_customers': '7082403000', 'operating_income': '816085000', 'transactions_with_other_segments': '12872000'}, {'segment': 'Reconcile', 'period': 'CurrentYTDDuration', 'net_sales': '-12872000', 'revenues_from_external_customers': None, 'operating_income': '-138081000', 'transactions_with_other_segments': '-12872000'}]",0,,,,,,2020,3,,6.03
values,8927,株式会社明豊エンタープライズ,代表取締役会長　矢吹　満,東京都目黒区目黒二丁目10番11号,2021-07-31,2021-10-29,2021-10-29,2021-09-14,有価証券報告書－第53期(令和2年8月1日－令和3年7月31日),2021年７月期　決算短信[日本基準]（連結）,Japan GAAP,23613840,24661000,1047160,11607015000,10686414000,3404314000,31669000,,,31669000,,5700471000,,,,,,-188000,920600000,597976000,185595000,,428215000,,160000,,322463000,36900000,40438000,-830440000,,6522009000,5588110000,2246863000,,,105544000,,,487500000,,1759000,1012839000,26000000,,,,14848000,4275146000,32000000,,,,4024839000,3173000,,5085005000,5070065000,100000000,1495610000,3854929000,-380474000,1100000,13840000,10181094000,8147257000,2033837000,19.98,1051077000,982759000,9.65,159177000,,46404000,,,180021000,125049000,,961915000,195000,,195000,,,,,962110000,132787000,13.8,829323000,3993000,825330000,8.11,1454217000,962110000,12799000,,-892000,709869000,-21532000,144981000,,,,,-1386000,,,,,1054000,,,-494061000,-1109007000,4387565000,-3614836000,,-36000000,,,-118069000,,1452831000,12300000000,820000000,620000000,380000000,8,34,214,995558000,16.27,15.14,0.88,2.29,7.11,7.97,3.73,14.28,10.32,0.63,,12.72,7.86,82.77,119.85,217.19,29.33,4.01,1.14,255.38,,5732140000,256.52,17.03,48.14,6.59,384.27,2183796000,119.33,1.1,475.61,2.65,5071165000,43.69,-629082000,71,143395690,13841676,"[{'segment': 'DetachedRealEstate', 'period': 'CurrentYearDuration', 'net_sales': '7746865000', 'revenues_from_external_customers': '7746865000', 'operating_income': '787396000', 'transactions_with_other_segments': None}, {'segment': 'RealEstateLeasing', 'period': 'CurrentYearDuration', 'net_sales': '2117123000', 'revenues_from_external_customers': '2117123000', 'operating_income': '337578000', 'transactions_with_other_segments': None}, {'segment': 'RealEstateIntermediary', 'period': 'CurrentYearDuration', 'net_sales': '57919000', 'revenues_from_external_customers': '57919000', 'operating_income': '18229000', 'transactions_with_other_segments': None}, {'segment': 'ConstructionBusiness', 'period': 'CurrentYearDuration', 'net_sales': '243886000', 'revenues_from_external_customers': '225052000', 'operating_income': '2922000', 'transactions_with_other_segments': '18833000'}, {'segment': 'Total', 'period': 'CurrentYearDuration', 'net_sales': '10165795000', 'revenues_from_external_customers': '10146961000', 'operating_income': '1146127000', 'transactions_with_other_segments': '18833000'}, {'segment': 'NotInclude', 'period': 'CurrentYearDuration', 'net_sales': '34133000', 'revenues_from_external_customers': '34133000', 'operating_income': '32942000', 'transactions_with_other_segments': None}, {'segment': 'Total', 'period': 'CurrentYearDuration', 'net_sales': '10199928000', 'revenues_from_external_customers': '10181094000', 'operating_income': '1179069000', 'transactions_with_other_segments': '18833000'}, {'segment': 'Reconcile', 'period': 'CurrentYearDuration', 'net_sales': '-18833000', 'revenues_from_external_customers': None, 'operating_income': '-196310000', 'transactions_with_other_segments': '-18833000'}]",1386000,,,,,,2020,4,22.89,13.8
values,8927,株式会社明豊エンタープライズ,代表取締役会長　矢吹　満,東京都目黒区目黒二丁目10番11号,2021-10-31,2021-12-15,2021-12-15,2021-12-15,四半期報告書－第54期第1四半期(令和3年8月1日－令和3年10月31日),2022年７月期第１四半期決算短信〔日本基準〕(連結),Japan GAAP,23613840,24661000,1047160,11642581000,10744281000,2692494000,,,,,,6374349000,,,,,,-230000,898300000,595020000,,,,,123000,,303156000,37150000,15513000,-827950000,,6693457000,5654577000,3200940000,,,157802000,,,231900000,,1771000,2119977000,26000000,,,,9223000,3492516000,24000000,,,,3248203000,2726000,,4949124000,4935699000,100000000,1495610000,3720563000,-380474000,1350000,12074000,1682818000,1324955000,357863000,21.27,241176000,116686000,6.93,14282000,,10992000,,,41949000,31434000,,89018000,,,,,,,,89018000,34238000,38.46,54780000,234000,54545000,3.24,,89018000,,,,,,,,,,,,,,,,,,,,,,,,,,,,,0,12300000000,820000000,620000000,380000000,8,27,209,116686000,12.97,12.04,0.96,2.36,5.5,7.83,3.83,,14.33,,,26.94,3.71,13.68,14.23,14.35,23.13,2.89,,261.69,,6374349000,261.69,18.76,48.57,6.08,-299.48,2962083000,125.59,1.15,335.66,4.63,4937050000,42.41,54545000,,,,"[{'segment': 'DetachedRealEstate', 'period': 'CurrentYTDDuration', 'net_sales': '1087099000', 'revenues_from_external_customers': '1087099000', 'operating_income': '91645000', 'transactions_with_other_segments': None}, {'segment': 'RealEstateLeasing', 'period': 'CurrentYTDDuration', 'net_sales': '501713000', 'revenues_from_external_customers': '501713000', 'operating_income': '60707000', 'transactions_with_other_segments': None}, {'segment': 'RealEstateIntermediary', 'period': 'CurrentYTDDuration', 'net_sales': '11746000', 'revenues_from_external_customers': '11746000', 'operating_income': '10141000', 'transactions_with_other_segments': None}, {'segment': 'ConstructionBusiness', 'period': 'CurrentYTDDuration', 'net_sales': '74989000', 'revenues_from_external_customers': '74546000', 'operating_income': '-2088000', 'transactions_with_other_segments': '442000'}, {'segment': 'Total', 'period': 'CurrentYTDDuration', 'net_sales': '1675549000', 'revenues_from_external_customers': '1675106000', 'operating_income': '160405000', 'transactions_with_other_segments': '442000'}, {'segment': 'NotInclude', 'period': 'CurrentYTDDuration', 'net_sales': '7712000', 'revenues_from_external_customers': '7712000', 'operating_income': '7220000', 'transactions_with_other_segments': None}, {'segment': 'Total', 'period': 'CurrentYTDDuration', 'net_sales': '1683261000', 'revenues_from_external_customers': '1682818000', 'operating_income': '167626000', 'transactions_with_other_segments': '442000'}, {'segment': 'Reconcile', 'period': 'CurrentYTDDuration', 'net_sales': '-442000', 'revenues_from_external_customers': None, 'operating_income': '-50940000', 'transactions_with_other_segments': '-442000'}]",0,,,,,,2021,1,,38.46
values,8927,株式会社明豊エンタープライズ,代表取締役会長 矢吹 満,東京都目黒区目黒二丁目10番11号,2022-01-31,2022-03-17,2022-03-17,2022-03-17,四半期報告書－第54期第2四半期(令和3年11月1日－令和4年1月31日),2022年７月期第２四半期決算短信〔日本基準〕(連結),Japan GAAP,23613840,24661000,1047160,12885888000,11962236000,2740700000,,,,,,8201092000,,,,,,-390000,923651000,592065000,,,,,85000,,331500000,36550000,20121000,-825420000,,8031635000,7036469000,4272373000,,,178429000,,,753400000,,1783000,2718817000,16000000,,,,25656000,3759261000,24000000,,,,3520193000,2276000,,4854252000,4841170000,100000000,1495610000,3626034000,-380474000,750000,12332000,2897146000,2290764000,606381000,20.93,533300000,73081000,2.52,27289000,,18015000,,,93708000,68635000,,6662000,,,,,,,,6662000,46153000,692.78,-39491000,492000,-39984000,,-2650293000,6662000,5986000,,-19033000,-2500592000,72884000,724559000,,,,,,,,,,,,,1257448000,265900000,1783500000,-582167000,,-18000000,,,-188910000,,-2650293000,12300000000,820000000,620000000,380000000,8,27,205,79067000,13.22,12.26,0.87,2.66,4.97,6.99,3.9,-91.48,18.41,0.99,,93.92,1.06,23.55,8.91,-10.52,21.27,2.95,,336.68,,8201092000,336.68,18.85,54.61,7.57,-372.67,4295769000,153.43,1.45,279.99,6.71,4841920000,37.58,2610309000,,,,"[{'segment': 'DetachedRealEstate', 'period': 'CurrentYTDDuration', 'net_sales': '1690581000', 'revenues_from_external_customers': '1690581000', 'operating_income': '20832000', 'transactions_with_other_segments': None}, {'segment': 'RealEstateLeasing', 'period': 'CurrentYTDDuration', 'net_sales': '997749000', 'revenues_from_external_customers': '997749000', 'operating_income': '115373000', 'transactions_with_other_segments': None}, {'segment': 'RealEstateIntermediary', 'period': 'CurrentYTDDuration', 'net_sales': '25249000', 'revenues_from_external_customers': '25249000', 'operating_income': '21874000', 'transactions_with_other_segments': None}, {'segment': 'ConstructionBusiness', 'period': 'CurrentYTDDuration', 'net_sales': '171655000', 'revenues_from_external_customers': '168861000', 'operating_income': '2765000', 'transactions_with_other_segments': '2793000'}, {'segment': 'Total', 'period': 'CurrentYTDDuration', 'net_sales': '2885235000', 'revenues_from_external_customers': '2882441000', 'operating_income': '160845000', 'transactions_with_other_segments': '2793000'}, {'segment': 'NotInclude', 'period': 'CurrentYTDDuration', 'net_sales': '14704000', 'revenues_from_external_customers': '14704000', 'operating_income': '13998000', 'transactions_with_other_segments': None}, {'segment': 'Total', 'period': 'CurrentYTDDuration', 'net_sales': '2899940000', 'revenues_from_external_customers': '2897146000', 'operating_income': '174843000', 'transactions_with_other_segments': '2793000'}, {'segment': 'Reconcile', 'period': 'CurrentYTDDuration', 'net_sales': '-2793000', 'revenues_from_external_customers': None, 'operating_income': '-101762000', 'transactions_with_other_segments': '-2793000'}]",0,,,,,,2021,2,,692.78
values,8927,株式会社明豊エンタープライズ,代表取締役会長　矢吹　満,東京都目黒区目黒二丁目10番11号,2022-04-30,2022-06-14,2022-06-14,2022-06-14,四半期報告書－第54期第3四半期(令和4年2月1日－令和4年4月30日),2022年７月期第３四半期四半期決算短信〔日本基準〕(連結),Japan GAAP,23613840,24661000,1047160,13751065000,12795088000,2771777000,,,,,,8795501000,,,,,,-2303000,955976000,645949000,,,,,69000,,309957000,26950000,13619000,-822930000,,8690686000,7559198000,5063101000,,,236027000,,,587800000,,1795000,3533894000,16000000,,,,37054000,3627584000,16000000,,,,3401887000,1822000,,5060378000,5046082000,100000000,1495610000,3830946000,-380474000,1150000,13146000,5958316000,4794007000,1164308000,19.54,799146000,365161000,6.13,37222000,,21573000,,,158265000,110494000,,244118000,,,,3419000,,,,240699000,74465000,30.94,166234000,1305000,164928000,2.77,,240699000,,,,,,,,,,,,,,,,,,,,,,,,,,,,,0,11160000000,1116000000,932000000,640000000,8,27,213,365161000,12.69,11.8,0.81,2.72,4.66,6.58,3.74,,13.41,,,30.26,3.3,53.39,32.72,25.77,20.16,2.98,,361.09,,8795501000,361.09,17.28,54.97,8.13,-400.35,4787421000,159.73,1.5,252.71,7.48,5047232000,36.7,168347000,,,,"[{'segment': 'DetachedRealEstate', 'period': 'CurrentYTDDuration', 'net_sales': '3999870000', 'revenues_from_external_customers': '3999870000', 'operating_income': '295917000', 'transactions_with_other_segments': None}, {'segment': 'RealEstateLeasing', 'period': 'CurrentYTDDuration', 'net_sales': '1533379000', 'revenues_from_external_customers': '1533379000', 'operating_income': '186661000', 'transactions_with_other_segments': None}, {'segment': 'RealEstateIntermediary', 'period': 'CurrentYTDDuration', 'net_sales': '25249000', 'revenues_from_external_customers': '25249000', 'operating_income': '22018000', 'transactions_with_other_segments': None}, {'segment': 'ConstructionBusiness', 'period': 'CurrentYTDDuration', 'net_sales': '382400000', 'revenues_from_external_customers': '376735000', 'operating_income': '19895000', 'transactions_with_other_segments': '5664000'}, {'segment': 'Total', 'period': 'CurrentYTDDuration', 'net_sales': '5940900000', 'revenues_from_external_customers': '5935235000', 'operating_income': '524493000', 'transactions_with_other_segments': '5664000'}, {'segment': 'NotInclude', 'period': 'CurrentYTDDuration', 'net_sales': '23080000', 'revenues_from_external_customers': '23080000', 'operating_income': '21759000', 'transactions_with_other_segments': None}, {'segment': 'Total', 'period': 'CurrentYTDDuration', 'net_sales': '5963981000', 'revenues_from_external_customers': '5958316000', 'operating_income': '546253000', 'transactions_with_other_segments': '5664000'}, {'segment': 'Reconcile', 'period': 'CurrentYTDDuration', 'net_sales': '-5664000', 'revenues_from_external_customers': None, 'operating_income': '-181091000', 'transactions_with_other_segments': '-5664000'}]",0,,,,,,2021,3,,30.94
values,8927,株式会社明豊エンタープライズ,代表取締役会長　矢吹　満,東京都目黒区目黒二丁目10番11号,2022-07-31,2022-10-31,2022-10-31,2022-09-14,有価証券報告書－第54期(令和3年8月1日－令和4年7月31日),2022年７月期　決算短信[日本基準]（連結）,Japan GAAP,23613840,24661000,1047160,13987584000,12980191000,3528925000,,,,,,8298394000,,,,,,-668000,1007393000,646123000,220443000,,428215000,5060000,4993000,,356276000,19800000,66770000,-820440000,,8457381000,7126107000,4020187000,,,278927000,,,884500000,,1807000,1994094000,16000000,,,,258723000,4437193000,16000000,,,,4212341000,1365000,,5530203000,5526203000,100000000,1500411000,4306266000,-380474000,4000000,,11160825000,8890851000,2269974000,20.34,1153556000,1116417000,10.0,49623000,,26934000,,,233377000,158022000,,932664000,,,,3691000,,,,928973000,286595000,30.85,642377000,2128000,640248000,5.74,-1888134000,928973000,15161000,,-61955000,-2597638000,173383000,667916000,,,,,-68134000,,,,,20000000,,,1337919000,397000000,5026500000,-3857742000,,-26000000,,,-188910000,,-1956268000,18000000000,1070000000,770000000,490000000,8,27,234,1131578000,11.58,10.83,0.8,2.53,4.58,6.56,3.42,-16.92,10.34,0.67,,14.15,7.06,62.0,104.34,130.66,25.23,3.79,,340.68,,8298394000,340.68,17.27,50.95,7.66,-377.42,3597182000,143.09,1.29,322.88,5.62,5530203000,39.54,2532073000,88,126827556,12686556,"[{'segment': 'DetachedRealEstate', 'period': 'CurrentYearDuration', 'net_sales': '8553257000', 'revenues_from_external_customers': '8553257000', 'operating_income': '1050118000', 'transactions_with_other_segments': None}, {'segment': 'RealEstateLeasing', 'period': 'CurrentYearDuration', 'net_sales': '2036340000', 'revenues_from_external_customers': '2036340000', 'operating_income': '219691000', 'transactions_with_other_segments': None}, {'segment': 'RealEstateIntermediary', 'period': 'CurrentYearDuration', 'net_sales': '28555000', 'revenues_from_external_customers': '28555000', 'operating_income': '25101000', 'transactions_with_other_segments': None}, {'segment': 'ConstructionBusiness', 'period': 'CurrentYearDuration', 'net_sales': '506103000', 'revenues_from_external_customers': '497517000', 'operating_income': '21075000', 'transactions_with_other_segments': '8585000'}, {'segment': 'Total', 'period': 'CurrentYearDuration', 'net_sales': '11124256000', 'revenues_from_external_customers': '11115670000', 'operating_income': '1315987000', 'transactions_with_other_segments': '8585000'}, {'segment': 'NotInclude', 'period': 'CurrentYearDuration', 'net_sales': '45154000', 'revenues_from_external_customers': '45154000', 'operating_income': '43255000', 'transactions_with_other_segments': None}, {'segment': 'Total', 'period': 'CurrentYearDuration', 'net_sales': '11169411000', 'revenues_from_external_customers': '11160825000', 'operating_income': '1359242000', 'transactions_with_other_segments': '8585000'}, {'segment': 'Reconcile', 'period': 'CurrentYearDuration', 'net_sales': '-8585000', 'revenues_from_external_customers': None, 'operating_income': '-242825000', 'transactions_with_other_segments': '-8585000'}]",68134000,,,,,,2021,4,29.51,30.85
values,3469,株式会社デュアルタップ,代表取締役社長　　臼井　貴弘,東京都品川区西品川一丁目１番１号,2018-09-30,2018-11-12,2018-11-12,2018-11-09,四半期報告書－第13期第1四半期(平成30年7月1日－平成30年9月30日),2019年6月期 第1四半期決算短信〔日本基準〕(連結),Japan GAAP,3425598,3426000,402,5462903000,4126594000,1030574000,,,,,,2855073000,,,,,,-2437000,1336309000,1078925000,510572000,,408832000,,138797000,126609000,118586000,12000000,11740000,,,3828158000,3264472000,2575306000,,,,,,1062550000,,23065000,1038146000,32000000,,,76941000,1747000,1252852000,52000000,,,,951570000,105141000,,1634745000,1632237000,215559000,149355000,1267601000,-279000,-3492000,,1639121000,1356415000,282705000,17.25,281572000,1132000,0.07,83000,8000,,,,32520000,24004000,,-31304000,,,,1271000,1271000,,,-32576000,-5045000,15.49,-27531000,,-27531000,,,-32576000,,,,,,,,,,,,,,,,,,,,,,,,,,,,,0,11190000000,326000000,272000000,185000000,13,55,475,1132000,11.6,11.6,1.75,3.35,3.46,6.78,2.84,,17.18,,,2120.49,0.05,14.65,0.35,-14.88,18.86,1.3,,131.41,,2855073000,131.41,8.85,59.76,4.1,280.78,2233898000,234.13,2.0,160.24,11.82,1628745000,29.81,-26260000,,,,"[{'segment': 'OverseasRealEstate', 'period': 'CurrentYTDDuration', 'net_sales': '18066000', 'revenues_from_external_customers': '18066000', 'operating_income': '-28228000', 'transactions_with_other_segments': None}, {'segment': 'RealEstateManagement', 'period': 'CurrentYTDDuration', 'net_sales': '385117000', 'revenues_from_external_customers': '384579000', 'operating_income': '44189000', 'transactions_with_other_segments': '538000'}, {'segment': 'RealEstateSales', 'period': 'CurrentYTDDuration', 'net_sales': '1236475000', 'revenues_from_external_customers': '1236475000', 'operating_income': '-17556000', 'transactions_with_other_segments': None}, {'segment': 'Reconcile', 'period': 'CurrentYTDDuration', 'net_sales': '-538000', 'revenues_from_external_customers': None, 'operating_income': '2728000', 'transactions_with_other_segments': '-538000'}, {'segment': 'Total', 'period': 'CurrentYTDDuration', 'net_sales': '1639659000', 'revenues_from_external_customers': '1639121000', 'operating_income': '-1595000', 'transactions_with_other_segments': '538000'}]",0,,,,22894000,6000000,2018,1,,15.49
values,3469,株式会社デュアルタップ,代表取締役社長　　臼井　貴弘,東京都品川区西品川一丁目１番１号,2018-12-31,2019-02-14,2019-02-14,2019-02-13,四半期報告書－第13期第2四半期(平成30年10月1日－平成30年12月31日),2019年6月期 第2四半期決算短信〔日本基準〕(連結),Japan GAAP,3425598,3426000,402,6931787000,5593204000,775736000,,,,,,4536902000,,,,,,-2396000,1338583000,1069945000,507447000,,408832000,,135123000,123362000,133514000,12000000,29698000,,,5357153000,4841874000,4145772000,,,,,,1614140000,,23180000,2103114000,32000000,,,73307000,4371000,1211381000,52000000,,,,918138000,99302000,,1574634000,1571729000,215559000,149355000,1207092000,-279000,-3094000,,2541015000,2045605000,495410000,19.5,536475000,-41065000,,302000,8000,,,,57479000,39386000,,-98243000,,,,1271000,1271000,,,-99515000,-21752000,21.86,-77762000,,-77762000,,-1432884000,-99515000,21849000,6492000,,-1116759000,,-116661000,-9373000,4444000,-439000,,,,,,,,,,986165000,171280000,2302539000,-709728000,,-722500000,,,-33979000,-1978000,-1442696000,11190000000,326000000,272000000,185000000,13,55,457,,12.05,12.05,1.38,4.42,2.73,5.18,2.95,-56.39,21.11,4.41,,-95.91,-1.04,22.71,-12.6,-42.03,11.19,0.98,,208.82,,4536902000,208.82,8.92,69.85,6.09,416.46,4066138000,340.16,3.09,134.91,21.51,1568634000,22.63,1356393000,,,,"[{'segment': 'OverseasRealEstate', 'period': 'CurrentYTDDuration', 'net_sales': '35387000', 'revenues_from_external_customers': '35387000', 'operating_income': '-54512000', 'transactions_with_other_segments': None}, {'segment': 'RealEstateManagement', 'period': 'CurrentYTDDuration', 'net_sales': '762136000', 'revenues_from_external_customers': '760711000', 'operating_income': '104254000', 'transactions_with_other_segments': '1425000'}, {'segment': 'RealEstateSales', 'period': 'CurrentYTDDuration', 'net_sales': '1744917000', 'revenues_from_external_customers': '1744917000', 'operating_income': '-96235000', 'transactions_with_other_segments': None}, {'segment': 'Reconcile', 'period': 'CurrentYTDDuration', 'net_sales': '-1425000', 'revenues_from_external_customers': None, 'operating_income': '5428000', 'transactions_with_other_segments': '-1425000'}, {'segment': 'Total', 'period': 'CurrentYTDDuration', 'net_sales': '2542441000', 'revenues_from_external_customers': '2541015000', 'operating_income': '-46494000', 'transactions_with_other_segments': '1425000'}]",9812000,,,,22910000,6000000,2018,2,,21.86
values,3469,株式会社デュアルタップ,代表取締役社長　　臼井　貴弘,東京都品川区西品川一丁目１番１号,2019-03-31,2019-05-13,2019-05-13,2019-05-10,四半期報告書－第13期第3四半期(平成31年1月1日－平成31年3月31日),2019年6月期 第3四半期決算短信〔日本基準〕(連結),Japan GAAP,3429798,3430200,402,5808390000,4501062000,978366000,,,,,,3325576000,,,,,,-2421000,1307328000,1060996000,504331000,,408832000,,131015000,120116000,115315000,12000000,13146000,,,4085323000,2852448000,2909546000,,,,,,889430000,,23296000,870173000,32000000,,,98234000,58764000,1175776000,36000000,,,,908115000,93434000,,1723067000,1720405000,216622000,150418000,1353643000,-279000,-3337000,,6391967000,5335454000,1056513000,16.53,842081000,214431000,3.35,883000,15000,,,,96887000,61036000,,118427000,,,,1271000,1271000,,,117155000,48367000,41.28,68788000,,68788000,1.08,,117155000,,,,,,,,,,,,,,,,,,,,,,,,,,,,,0,11190000000,326000000,272000000,185000000,13,55,500,214431000,11.01,11.01,1.64,3.38,3.25,7.26,2.7,,13.17,,,28.46,3.51,57.12,65.78,37.18,16.84,1.23,,153.07,,3325576000,153.07,8.99,49.11,3.59,245.34,1874082000,237.06,1.66,154.7,9.92,1717067000,29.56,70059000,,,,"[{'segment': 'OverseasRealEstate', 'period': 'CurrentYTDDuration', 'net_sales': '60138000', 'revenues_from_external_customers': '60138000', 'operating_income': '-85881000', 'transactions_with_other_segments': None}, {'segment': 'RealEstateManagement', 'period': 'CurrentYTDDuration', 'net_sales': '1152552000', 'revenues_from_external_customers': '1134509000', 'operating_income': '171762000', 'transactions_with_other_segments': '18043000'}, {'segment': 'RealEstateSales', 'period': 'CurrentYTDDuration', 'net_sales': '5197320000', 'revenues_from_external_customers': '5197320000', 'operating_income': '120422000', 'transactions_with_other_segments': None}, {'segment': 'Reconcile', 'period': 'CurrentYTDDuration', 'net_sales': '-18043000', 'revenues_from_external_customers': None, 'operating_income': '8128000', 'transactions_with_other_segments': '-18043000'}, {'segment': 'Total', 'period': 'CurrentYTDDuration', 'net_sales': '6410011000', 'revenues_from_external_customers': '6391967000', 'operating_income': '206303000', 'transactions_with_other_segments': '18043000'}]",0,,,,22925000,6000000,2018,3,,41.28
values,3469,株式会社デュアルタップ,代表取締役社長　　臼井　貴弘,東京都品川区西品川一丁目１番１号,2019-06-30,2019-09-27,2019-09-27,2019-08-09,有価証券報告書－第13期(平成30年7月1日－令和1年6月30日),2019年6月期 決算短信〔日本基準〕(連結),Japan GAAP,3430098,3430500,402,5448909000,4954924000,1109762000,,,,,,3598866000,,,,,,-2357000,493985000,249604000,83487000,,33989000,,126949000,116870000,117431000,5400000,17912000,,,3604852000,2611074000,2443754000,,,,,,1278500000,,23413000,255532000,32000000,,,74606000,118528000,1161098000,36000000,,,,898092000,87537000,,1844056000,1840771000,216698000,150494000,1473857000,-279000,-2714000,,9543345000,7930158000,1613186000,16.9,1182000000,431186000,4.52,1707000,18000,,,,136624000,72894000,,296268000,,,,7871000,1271000,,,288396000,99394000,34.46,189002000,,189002000,1.98,1162639000,288396000,43132000,12985000,,621995000,,-127635000,-9372000,4444000,-439000,,,,,,,,,,-1265439000,-164360000,2383590000,-2681356000,,-738500000,,,-44139000,-3897000,1152828000,8044000000,448000000,347000000,208000000,13,55,535,487303000,10.28,10.28,1.75,2.96,3.47,7.46,2.52,12.18,12.39,2.67,,16.91,5.92,118.64,96.25,90.87,20.37,1.4,,165.64,,3598866000,165.64,38.23,47.92,3.28,224.58,1501312000,195.46,1.42,202.76,7.94,1838056000,33.73,-965766000,124,76962459,3477306,"[{'segment': 'Reconcile', 'period': 'CurrentYearDuration', 'net_sales': '-59842000', 'revenues_from_external_customers': None, 'operating_income': '9836000', 'transactions_with_other_segments': '-59842000'}, {'segment': 'Total', 'period': 'CurrentYearDuration', 'net_sales': '9603187000', 'revenues_from_external_customers': '9543345000', 'operating_income': '421350000', 'transactions_with_other_segments': '59842000'}, {'segment': 'OverseasRealEstate', 'period': 'CurrentYearDuration', 'net_sales': '419588000', 'revenues_from_external_customers': '379478000', 'operating_income': '1706000', 'transactions_with_other_segments': '40110000'}, {'segment': 'RealEstateManagement', 'period': 'CurrentYearDuration', 'net_sales': '1511704000', 'revenues_from_external_customers': '1492964000', 'operating_income': '212663000', 'transactions_with_other_segments': '18740000'}, {'segment': 'RealEstateSales', 'period': 'CurrentYearDuration', 'net_sales': '7671894000', 'revenues_from_external_customers': '7670902000', 'operating_income': '206980000', 'transactions_with_other_segments': '992000'}]",9811000,,,,22941000,6000000,2018,4,24.5,34.46
values,3469,株式会社デュアルタップ,代表取締役社長　　臼井　貴弘,東京都品川区西品川一丁目１番１号,2019-09-30,2019-11-14,2019-11-14,2019-11-13,四半期報告書－第14期第1四半期(令和1年7月1日－令和1年9月30日),2020年6月期 第1四半期決算短信〔日本基準〕(連結),Japan GAAP,3430098,3430500,402,5077990000,4584066000,957370000,,,,,,3248440000,,,,,,-2452000,493923000,243838000,73075000,,33989000,,123041000,113623000,127043000,5400000,28885000,,,3305986000,2744427000,1867968000,,,,,,1061833000,,23560000,323752000,32000000,,,75330000,1231000,1438017000,20000000,,,,1203403000,79879000,,1772003000,1768530000,216698000,150494000,1401617000,-279000,-2526000,,939128000,724396000,214732000,22.87,246914000,-32182000,,2986000,6000,,,,17701000,10182000,,-46896000,,,,,,,,-46896000,-10672000,22.76,-36224000,,-36224000,,,-46896000,,,,,,,,,,,,,,,,,,,,,,,,,,,,,0,8044000000,448000000,347000000,208000000,11,73,514,,14.19,14.19,1.43,2.88,4.93,6.88,2.14,,26.29,,,-31.64,-3.16,11.67,-7.18,-17.42,18.85,1.58,,203.57,,3248440000,203.57,29.75,54.05,4.54,168.23,1787057000,186.54,1.55,245.4,7.13,1766003000,34.78,-36224000,,,,"[{'segment': 'OverseasRealEstate', 'period': 'CurrentYTDDuration', 'net_sales': '158246000', 'revenues_from_external_customers': '158246000', 'operating_income': '-9474000', 'transactions_with_other_segments': None}, {'segment': 'RealEstateManagement', 'period': 'CurrentYTDDuration', 'net_sales': '333205000', 'revenues_from_external_customers': '332571000', 'operating_income': '34650000', 'transactions_with_other_segments': '634000'}, {'segment': 'RealEstateSales', 'period': 'CurrentYTDDuration', 'net_sales': '449114000', 'revenues_from_external_customers': '448310000', 'operating_income': '-59253000', 'transactions_with_other_segments': '803000'}, {'segment': 'Reconcile', 'period': 'CurrentYTDDuration', 'net_sales': '-1437000', 'revenues_from_external_customers': None, 'operating_income': '1896000', 'transactions_with_other_segments': '-1437000'}, {'segment': 'Total', 'period': 'CurrentYTDDuration', 'net_sales': '940566000', 'revenues_from_external_customers': '939128000', 'operating_income': '-34078000', 'transactions_with_other_segments': '1437000'}]",0,,,,22957000,6000000,2019,1,,22.76
values,3469,株式会社デュアルタップ,代表取締役社長　　臼井　貴弘,東京都品川区西品川一丁目１番１号,2019-12-31,2020-02-13,2020-02-13,2020-02-12,四半期報告書－第14期第2四半期(令和1年10月1日－令和1年12月31日),2020年6月期 第2四半期決算短信〔日本基準〕(連結),Japan GAAP,3430098,3430500,402,5137968000,4660438000,1311816000,,,,,,2976854000,,,,,,-2389000,477530000,242288000,72513000,,33989000,,119132000,110377000,116108000,5400000,18703000,,,3334635000,2651315000,966801000,,,,,,33333000,,25387000,306994000,52000000,,,199725000,10331000,2367833000,100000000,,,,2059686000,73915000,,1803333000,1800579000,216698000,150494000,1433666000,-279000,-3246000,,2794395000,2255480000,538914000,19.29,510889000,28025000,1.0,7124000,10000,,,,33466000,19452000,,1683000,669000,669000,,,,,,2352000,6528000,277.55,-4175000,,-4175000,,213475000,2352000,19953000,6492000,,615221000,,-10179000,-5565000,1727000,,,,,,,,,,,-4885000,-1207166000,1420001000,-252444000,98133000,-16000000,,,-35761000,43000,207910000,8044000000,448000000,347000000,208000000,11,73,523,54470000,13.94,13.94,1.41,2.86,4.88,6.97,2.1,7.64,18.28,3.7,,69.41,1.44,34.74,6.26,-2.01,25.53,2.17,,186.55,,2976854000,186.55,29.94,51.6,4.39,162.52,1339499000,184.89,1.48,482.05,5.35,1797333000,34.98,-218319000,,,,"[{'segment': 'OverseasRealEstate', 'period': 'CurrentYTDDuration', 'net_sales': '186281000', 'revenues_from_external_customers': '186281000', 'operating_income': '-31495000', 'transactions_with_other_segments': None}, {'segment': 'RealEstateManagement', 'period': 'CurrentYTDDuration', 'net_sales': '658536000', 'revenues_from_external_customers': '657760000', 'operating_income': '76916000', 'transactions_with_other_segments': '776000'}, {'segment': 'RealEstateSales', 'period': 'CurrentYTDDuration', 'net_sales': '1951961000', 'revenues_from_external_customers': '1950353000', 'operating_income': '-19388000', 'transactions_with_other_segments': '1607000'}, {'segment': 'Reconcile', 'period': 'CurrentYTDDuration', 'net_sales': '-2383000', 'revenues_from_external_customers': None, 'operating_income': '1992000', 'transactions_with_other_segments': '-2383000'}, {'segment': 'Total', 'period': 'CurrentYTDDuration', 'net_sales': '2796779000', 'revenues_from_external_customers': '2794395000', 'operating_income': '26032000', 'transactions_with_other_segments': '2383000'}]",5565000,,,,22972000,6000000,2019,2,,277.55
values,3469,株式会社デュアルタップ,代表取締役社長　　臼井　貴弘,東京都品川区西品川一丁目１番１号,2020-03-31,2020-05-14,2020-05-14,2020-05-13,四半期報告書－第14期第3四半期(令和2年1月1日－令和2年3月31日),2020年6月期 第3四半期決算短信〔日本基準〕(連結),Japan GAAP,3430098,3430500,402,4423854000,3943937000,1534064000,,,,,,2040415000,,,,,,-2312000,479917000,236188000,71938000,,33989000,,115223000,107130000,128504000,5400000,14127000,,,2343828000,1729434000,963040000,,,,,,49167000,,23798000,349174000,56000000,,,66030000,76278000,1380788000,80000000,,,,1103375000,67920000,,2080026000,2076007000,216698000,150494000,1709094000,-279000,-1981000,,5834579000,4592060000,1242519000,21.3,781764000,460754000,7.9,11474000,18000,,,,70252000,27417000,,401976000,669000,669000,,,,,,402646000,131393000,32.63,271252000,,271252000,4.65,,402646000,,,,,,,,,,,,,,,,,,,,,,,,,,,,,0,8044000000,448000000,347000000,208000000,11,73,604,460754000,12.08,12.08,1.64,2.13,5.66,8.15,1.82,,13.4,,,5.95,16.81,72.53,102.85,130.41,34.68,2.54,,127.87,,2040415000,127.87,30.71,39.09,2.86,106.01,195370000,112.67,0.83,409.53,0.78,2074026000,46.88,270583000,,,,"[{'segment': 'OverseasRealEstate', 'period': 'CurrentYTDDuration', 'net_sales': '212135000', 'revenues_from_external_customers': '212135000', 'operating_income': '-42086000', 'transactions_with_other_segments': None}, {'segment': 'RealEstateManagement', 'period': 'CurrentYTDDuration', 'net_sales': '968362000', 'revenues_from_external_customers': '967207000', 'operating_income': '105499000', 'transactions_with_other_segments': '1154000'}, {'segment': 'RealEstateSales', 'period': 'CurrentYTDDuration', 'net_sales': '4657341000', 'revenues_from_external_customers': '4655236000', 'operating_income': '394947000', 'transactions_with_other_segments': '2105000'}, {'segment': 'Reconcile', 'period': 'CurrentYTDDuration', 'net_sales': '-3260000', 'revenues_from_external_customers': None, 'operating_income': '2394000', 'transactions_with_other_segments': '-3260000'}, {'segment': 'Total', 'period': 'CurrentYTDDuration', 'net_sales': '5837840000', 'revenues_from_external_customers': '5834579000', 'operating_income': '458360000', 'transactions_with_other_segments': '3260000'}]",0,,,,22988000,6000000,2019,3,,32.63
values,3469,株式会社デュアルタップ,代表取締役社長　　臼井　貴弘,東京都品川区西品川一丁目１番１号,2020-06-30,2020-09-30,2020-09-30,2020-08-07,有価証券報告書－第14期(令和1年7月1日－令和2年6月30日),2020年6月期 決算短信〔日本基準〕(連結),Japan GAAP,3430098,3430500,402,4202090000,3726874000,1597511000,,,,,,1735519000,,,,,,-3370000,475215000,229965000,83471000,,33989000,,111315000,103884000,133934000,5400000,16231000,,,2142696000,1578806000,1063524000,,,,,,19668000,,23919000,523090000,56000000,,,54311000,63862000,1079171000,70000000,,,,824234000,61895000,,2059393000,2055353000,216698000,150494000,1688440000,-279000,-1960000,,7254108000,5824346000,1429761000,19.71,1003508000,426252000,5.88,20968000,44000,,,,81171000,34375000,,366050000,669000,669000,,,,,,366719000,116120000,31.66,250598000,,250598000,3.45,1631352000,366719000,37054000,12985000,,1853170000,,-44776000,-5706000,1727000,,,,,,,,,,,-1105364000,-1258832000,2259300000,-2100900000,98133000,-42000000,,,-35929000,-61000,1625646000,9206000000,391000000,318000000,193000000,11,73,598,476291000,12.2,12.2,1.73,2.05,5.96,8.54,1.84,22.49,13.83,2.59,,8.06,12.4,78.8,109.02,129.84,38.02,2.64,,108.76,,1735519000,108.76,31.54,37.57,2.61,96.78,-18705000,104.03,0.77,350.43,-0.07,2053393000,48.87,-1381423000,137,52949693,3111328,"[{'segment': 'Reconcile', 'period': 'CurrentYearDuration', 'net_sales': '-18290000', 'revenues_from_external_customers': None, 'operating_income': '3294000', 'transactions_with_other_segments': '-18290000'}, {'segment': 'Total', 'period': 'CurrentYearDuration', 'net_sales': '7272398000', 'revenues_from_external_customers': '7254108000', 'operating_income': '422958000', 'transactions_with_other_segments': '18290000'}, {'segment': 'OverseasRealEstate', 'period': 'CurrentYearDuration', 'net_sales': '240772000', 'revenues_from_external_customers': '240772000', 'operating_income': '-45061000', 'transactions_with_other_segments': None}, {'segment': 'RealEstateManagement', 'period': 'CurrentYearDuration', 'net_sales': '1290653000', 'revenues_from_external_customers': '1274467000', 'operating_income': '156743000', 'transactions_with_other_segments': '16185000'}, {'segment': 'RealEstateSales', 'period': 'CurrentYearDuration', 'net_sales': '5740973000', 'revenues_from_external_customers': '5738868000', 'operating_income': '311276000', 'transactions_with_other_segments': '2105000'}]",5706000,,,,23003000,6000000,2019,4,15.06,31.66
values,3469,株式会社デュアルタップ,代表取締役社長　　臼井　貴弘,東京都品川区西品川一丁目１番１号,2020-09-30,2020-11-12,2020-11-12,2020-11-11,四半期報告書－第15期第1四半期(令和2年7月1日－令和2年9月30日),2021年6月期 第1四半期決算短信〔日本基準〕(連結),Japan GAAP,3430098,3430500,402,6371146000,5873616000,1189350000,,,,,,4353549000,,,,,,-3383000,497530000,225753000,72061000,,33989000,,107406000,100638000,164370000,15386000,36586000,,,4406321000,4036188000,1426207000,,,,,,823334000,,24040000,291462000,40000000,,,51398000,1774000,2980114000,70000000,,,,2731513000,55839000,,1964825000,1960959000,216698000,150494000,1594045000,-279000,-2133000,,929016000,784792000,144224000,15.52,210234000,-66009000,,4360000,40000,,,,14005000,10196000,,-75654000,,,,,,,,-75654000,-18991000,25.1,-56663000,,-56663000,,,-75654000,,,,,,,,,,,,,,,,,,,,,,,,,,,,,0,9206000000,391000000,318000000,193000000,11,3,571,,0.61,0.61,0.96,3.25,0.19,2.09,2.01,,22.63,,,-15.45,-6.47,10.09,-16.88,-29.36,18.67,2.32,,315.25,,4353549000,315.25,27.23,63.35,7.88,-94.99,2846838000,224.23,2.06,411.83,238.61,1958825000,30.75,-56663000,,,,"[{'segment': 'SalesSupportBusiness', 'period': 'CurrentYTDDuration', 'net_sales': '1672000', 'revenues_from_external_customers': '1672000', 'operating_income': '-350000', 'transactions_with_other_segments': None}, {'segment': 'OverseasRealEstate', 'period': 'CurrentYTDDuration', 'net_sales': '18036000', 'revenues_from_external_customers': '18036000', 'operating_income': '-12927000', 'transactions_with_other_segments': None}, {'segment': 'RealEstateManagement', 'period': 'CurrentYTDDuration', 'net_sales': '299457000', 'revenues_from_external_customers': '294631000', 'operating_income': '33528000', 'transactions_with_other_segments': '4825000'}, {'segment': 'RealEstateSales', 'period': 'CurrentYTDDuration', 'net_sales': '614676000', 'revenues_from_external_customers': '614676000', 'operating_income': '-87160000', 'transactions_with_other_segments': None}, {'segment': 'Reconcile', 'period': 'CurrentYTDDuration', 'net_sales': '-4825000', 'revenues_from_external_customers': None, 'operating_income': '900000', 'transactions_with_other_segments': '-4825000'}, {'segment': 'Total', 'period': 'CurrentYTDDuration', 'net_sales': '933842000', 'revenues_from_external_customers': '929016000', 'operating_income': '-66909000', 'transactions_with_other_segments': '4825000'}]",0,,,,23019000,6000000,2020,1,,25.1
values,3469,株式会社デュアルタップ,代表取締役社長　　臼井　貴弘,東京都品川区西品川一丁目１番１号,2020-12-31,2021-02-12,2021-02-12,2021-02-10,四半期報告書－第15期第2四半期(令和2年10月1日－令和2年12月31日),2021年6月期 第2四半期決算短信〔日本基準〕(連結),Japan GAAP,3430052,3430500,448,6747681000,6154992000,972656000,,,,,,4780604000,,,,,,-4100000,592688000,224722000,76273000,,33989000,,104941000,97391000,263024000,16090000,41226000,,,4805696000,4419415000,1982836000,,,,,,813636000,,25899000,838884000,40000000,,,50293000,5718000,2822859000,60000000,,,,2591244000,49752000,,1941984000,1937862000,216698000,150494000,1570982000,-312000,-1877000,,2142161000,1749606000,392554000,18.33,474167000,-81613000,,18710000,71000,,,,38092000,25972000,,-100994000,,,,,,,,-100994000,-21267000,21.06,-79727000,,-79727000,,-3393261000,-100994000,14765000,6492000,,-3046770000,,-26740000,-6472000,,-1470000,,,,,,-10000000,,,,2791705000,793968000,2538717000,-467296000,,-26000000,-33000,,-37488000,141000,-3401203000,9206000000,391000000,318000000,193000000,11,3,564,,0.62,0.62,0.91,3.49,0.18,1.97,2.04,-158.4,22.13,3.76,,-31.82,-3.14,23.27,-20.87,-41.31,14.41,1.9,,346.17,,4780604000,346.17,27.36,65.5,8.63,-104.01,3446759000,247.42,2.28,310.41,288.89,1935984000,28.69,3313534000,,,,"[{'segment': 'OverseasRealEstate', 'period': 'CurrentYTDDuration', 'net_sales': '49609000', 'revenues_from_external_customers': '49609000', 'operating_income': '-21481000', 'transactions_with_other_segments': None}, {'segment': 'RealEstateManagement', 'period': 'CurrentYTDDuration', 'net_sales': '592728000', 'revenues_from_external_customers': '587187000', 'operating_income': '59654000', 'transactions_with_other_segments': '5540000'}, {'segment': 'RealEstateSales', 'period': 'CurrentYTDDuration', 'net_sales': '1497956000', 'revenues_from_external_customers': '1497956000', 'operating_income': '-118872000', 'transactions_with_other_segments': None}, {'segment': 'Reconcile', 'period': 'CurrentYTDDuration', 'net_sales': '-5540000', 'revenues_from_external_customers': None, 'operating_income': '2880000', 'transactions_with_other_segments': '-5540000'}, {'segment': 'Total', 'period': 'CurrentYTDDuration', 'net_sales': '2147701000', 'revenues_from_external_customers': '2142161000', 'operating_income': '-84493000', 'transactions_with_other_segments': '5540000'}, {'segment': 'SalesSupportBusiness', 'period': 'CurrentYTDDuration', 'net_sales': '7407000', 'revenues_from_external_customers': '7407000', 'operating_income': '-3794000', 'transactions_with_other_segments': None}]",7942000,,,,23035000,6000000,2020,2,,21.06
values,3469,株式会社デュアルタップ,代表取締役社長　　臼井　貴弘,東京都品川区西品川一丁目１番１号,2021-03-31,2021-05-14,2021-05-14,2021-05-14,四半期報告書－第15期第3四半期(令和3年1月1日－令和3年3月31日),2021年6月期 第3四半期決算短信〔日本基準〕(連結),Japan GAAP,3432452,3432900,448,9061163000,8467373000,493559000,,,,,,7451900000,,,,,,-4627000,593789000,222433000,75646000,,33989000,,100981000,94145000,270374000,17278000,71298000,,,7197394000,6794686000,4338594000,,,,,,838154000,,25074000,3174594000,20000000,,,49425000,4679000,2858799000,60000000,,,,2630072000,46792000,,1863769000,1859944000,217305000,151101000,1491849000,-312000,-2174000,,2699502000,2179546000,519955000,19.26,686095000,-166140000,,20986000,176000,,,,63256000,44108000,,-208410000,,,,,,,,-208410000,-49550000,23.78,-158859000,,-158859000,,,-208410000,,,,,,,,,,,,,,,,,,,,,,,,,,,,,0,6148000000,173000000,60000000,18000000,11,3,541,,0.64,0.64,0.68,4.88,0.13,1.45,2.12,,25.42,,,-26.55,-3.77,43.91,-96.03,-882.55,5.45,0.96,,539.6,,7451900000,539.6,27.64,74.99,13.26,-159.91,6301127000,386.11,3.66,195.16,528.13,1857769000,20.5,-158859000,,,,"[{'segment': 'OverseasRealEstate', 'period': 'CurrentYTDDuration', 'net_sales': '83450000', 'revenues_from_external_customers': '83450000', 'operating_income': '-24547000', 'transactions_with_other_segments': None}, {'segment': 'RealEstateManagement', 'period': 'CurrentYTDDuration', 'net_sales': '887455000', 'revenues_from_external_customers': '880785000', 'operating_income': '97713000', 'transactions_with_other_segments': '6670000'}, {'segment': 'RealEstateSales', 'period': 'CurrentYTDDuration', 'net_sales': '1719283000', 'revenues_from_external_customers': '1719283000', 'operating_income': '-234722000', 'transactions_with_other_segments': None}, {'segment': 'Reconcile', 'period': 'CurrentYTDDuration', 'net_sales': '-6670000', 'revenues_from_external_customers': None, 'operating_income': '4860000', 'transactions_with_other_segments': '-6670000'}, {'segment': 'Total', 'period': 'CurrentYTDDuration', 'net_sales': '2706172000', 'revenues_from_external_customers': '2699502000', 'operating_income': '-171000000', 'transactions_with_other_segments': '6670000'}, {'segment': 'SalesSupportBusiness', 'period': 'CurrentYTDDuration', 'net_sales': '15982000', 'revenues_from_external_customers': '15982000', 'operating_income': '-9443000', 'transactions_with_other_segments': None}]",0,,,,23050000,6000000,2020,3,,23.78
values,3469,株式会社デュアルタップ,代表取締役社長　　臼井　貴弘,東京都品川区西品川一丁目１番１号,2021-06-30,2021-09-30,2021-09-30,2021-08-11,有価証券報告書－第15期(令和2年7月1日－令和3年6月30日),2021年6月期 決算短信〔日本基準〕(連結),Japan GAAP,3432452,3432900,448,7387339000,6868022000,523740000,,,,,,5854037000,,,,,,-6128000,519317000,216388000,89647000,,33989000,,97022000,90899000,205906000,32823000,1581000,,,5352498000,4948039000,3155056000,,,,,,56086000,,25204000,2770963000,20000000,,,49132000,9599000,2197441000,50000000,,,,1985358000,40428000,,2034840000,2030735000,217305000,151101000,1662640000,-312000,-1894000,,6147971000,5040653000,1107317000,18.01,934246000,173070000,2.82,23179000,385000,,,,136074000,72146000,,60175000,,,,627000,,,,59548000,47617000,79.96,11931000,,11931000,0.19,-4249192000,59548000,30163000,12985000,,-4121888000,,-42140000,-6713000,,-1470000,,,,,,-10000000,,,,3272989000,36418000,5645329000,-2292522000,,-56000000,-33000,,-37547000,372000,-4257375000,10000000000,330000000,230000000,145000000,11,3,591,216218000,0.59,0.59,0.83,3.64,0.16,1.8,1.95,-69.12,15.2,2.72,,41.69,2.4,61.48,52.45,8.23,7.09,1.02,,423.9,,5854037000,423.9,28.41,66.98,9.66,-116.45,4424299000,263.0,2.44,217.68,370.82,2028840000,27.46,4261750000,149,41261550,1161543,"[{'segment': 'SalesSupportBusiness', 'period': 'CurrentYearDuration', 'net_sales': '27145000', 'revenues_from_external_customers': '27145000', 'operating_income': '-11336000', 'transactions_with_other_segments': None}, {'segment': 'Reconcile', 'period': 'CurrentYearDuration', 'net_sales': '-8018000', 'revenues_from_external_customers': None, 'operating_income': '6642000', 'transactions_with_other_segments': '-8018000'}, {'segment': 'Total', 'period': 'CurrentYearDuration', 'net_sales': '6155989000', 'revenues_from_external_customers': '6147971000', 'operating_income': '166428000', 'transactions_with_other_segments': '8018000'}, {'segment': 'OverseasRealEstate', 'period': 'CurrentYearDuration', 'net_sales': '116048000', 'revenues_from_external_customers': '115851000', 'operating_income': '-27869000', 'transactions_with_other_segments': '197000'}, {'segment': 'RealEstateManagement', 'period': 'CurrentYearDuration', 'net_sales': '1195706000', 'revenues_from_external_customers': '1187885000', 'operating_income': '140754000', 'transactions_with_other_segments': '7821000'}, {'segment': 'RealEstateSales', 'period': 'CurrentYearDuration', 'net_sales': '4817090000', 'revenues_from_external_customers': '4817090000', 'operating_income': '64880000', 'transactions_with_other_segments': None}]",8183000,,,,23066000,6000000,2020,4,330.85,79.96
values,3469,株式会社デュアルタップ,代表取締役社長　　臼井　貴弘,東京都品川区西品川一丁目１番１号,2021-09-30,2021-11-12,2021-11-12,2021-11-12,四半期報告書－第16期第1四半期(令和3年7月1日－令和3年9月30日),2022年6月期 第1四半期決算短信〔日本基準〕(連結),Japan GAAP,3432452,3432900,448,7738859000,7054317000,452319000,,,,,,6133792000,,,,,,-5781000,684541000,210566000,74291000,,33989000,,93087000,87652000,380887000,32853000,17347000,,,5777806000,5245512000,3619565000,,,,,,531677000,,25164000,2611466000,20000000,,,207336000,1621000,2158240000,50000000,,,,1972991000,34214000,,1961052000,1957240000,217305000,151101000,1589146000,-312000,-1987000,,2136670000,1832835000,303835000,14.22,312036000,-8201000,,3912000,260000,,,,40627000,21662000,,-44917000,200000,,,,,,,-44717000,-10695000,23.92,-34021000,,-34021000,,,-44717000,,,,,,,,,,,,,,,,,,,,,,,,,,,,,0,10000000000,330000000,230000000,145000000,12,16,569,,2.95,2.95,1.39,3.96,0.75,0.17,2.11,,14.6,,,-264.14,-0.38,21.37,-2.49,-23.46,5.84,0.5,,232.93,,6133792000,232.93,51.08,67.78,5.85,188.27,4793193000,294.58,2.68,194.89,82.99,1955252000,25.27,-34221000,,,,"[{'segment': 'SalesSupportBusiness', 'period': 'CurrentYTDDuration', 'net_sales': '11647000', 'revenues_from_external_customers': '11647000', 'operating_income': '-1127000', 'transactions_with_other_segments': None}, {'segment': 'OverseasRealEstate', 'period': 'CurrentYTDDuration', 'net_sales': '73688000', 'revenues_from_external_customers': '73688000', 'operating_income': '-3943000', 'transactions_with_other_segments': None}, {'segment': 'RealEstateManagement', 'period': 'CurrentYTDDuration', 'net_sales': '267622000', 'revenues_from_external_customers': '266651000', 'operating_income': '4136000', 'transactions_with_other_segments': '970000'}, {'segment': 'RealEstateSales', 'period': 'CurrentYTDDuration', 'net_sales': '1784682000', 'revenues_from_external_customers': '1784682000', 'operating_income': '-9248000', 'transactions_with_other_segments': None}, {'segment': 'Reconcile', 'period': 'CurrentYTDDuration', 'net_sales': '-970000', 'revenues_from_external_customers': None, 'operating_income': '1980000', 'transactions_with_other_segments': '-970000'}, {'segment': 'Total', 'period': 'CurrentYTDDuration', 'net_sales': '2137640000', 'revenues_from_external_customers': '2136670000', 'operating_income': '-10181000', 'transactions_with_other_segments': '970000'}]",0,,,,23081000,5800000,2021,1,,23.92
values,3469,株式会社デュアルタップ,代表取締役社長　　臼井　貴弘,東京都品川区西品川一丁目１番１号,2021-12-31,2022-02-14,2022-02-14,2022-02-14,四半期報告書－第16期第2四半期(令和3年10月1日－令和3年12月31日),2022年６月期第２四半期決算短信（日本基準）（連結）,Japan GAAP,3432452,3432900,448,6631953000,5920831000,577499000,,,,,,5040394000,,,,,,-6493000,711121000,204769000,73634000,,33989000,,89153000,84406000,417199000,33133000,52466000,,,4769505000,4251523000,2339586000,,,,,,919800000,,26557000,955666000,20000000,,,206995000,5864000,2429919000,40000000,,,,2261197000,28303000,,1862447000,1860487000,217305000,151101000,1492393000,-312000,-3640000,,4410092000,3970280000,439811000,9.97,557005000,-117193000,,6549000,431000,,,,66346000,39191000,,-176990000,400000,,,,,,,-176590000,-45815000,25.94,-130774000,,-130774000,,816627000,-176590000,13043000,6492000,,813643000,,-519000,,,,,,,,,,,,,-762617000,863714000,2039600000,-3605858000,,-10000000,,,-39301000,268000,816627000,10000000000,330000000,230000000,145000000,12,16,540,,3.11,3.11,1.62,3.57,0.87,0.2,2.22,18.52,12.63,2.97,,-33.44,-2.99,44.1,-35.51,-90.19,8.71,0.64,,191.41,,5040394000,191.41,52.53,64.11,4.74,152.59,3674024000,256.05,2.29,253.07,63.62,1856847000,28.0,-947801000,,,,"[{'segment': 'OverseasRealEstate', 'period': 'CurrentYTDDuration', 'net_sales': '106399000', 'operating_income': '-18224000', 'transactions_with_other_segments': None}, {'segment': 'RealEstateManagement', 'period': 'CurrentYTDDuration', 'net_sales': '541438000', 'operating_income': '11366000', 'transactions_with_other_segments': '2491000'}, {'segment': 'RealEstateSales', 'period': 'CurrentYTDDuration', 'net_sales': '3742925000', 'operating_income': '-109287000', 'transactions_with_other_segments': None}, {'segment': 'Reconcile', 'period': 'CurrentYTDDuration', 'net_sales': '-2491000', 'operating_income': '3960000', 'transactions_with_other_segments': '-2491000'}, {'segment': 'Total', 'period': 'CurrentYTDDuration', 'net_sales': '4412584000', 'operating_income': '-121153000', 'transactions_with_other_segments': '2491000'}, {'segment': 'SalesSupportBusiness', 'period': 'CurrentYTDDuration', 'net_sales': '21820000', 'operating_income': '-5007000', 'transactions_with_other_segments': None}]",0,,,,23097000,5600000,2021,2,,25.94
values,3469,株式会社デュアルタップ,代表取締役社長　　臼井　貴弘,東京都品川区西品川一丁目１番１号,2022-03-31,2022-05-13,2022-05-13,2022-05-13,四半期報告書－第16期第3四半期(令和4年1月1日－令和4年3月31日),2022年６月期　第３四半期決算短信〔日本基準〕（連結）,Japan GAAP,3432452,3432900,448,6268861000,5600362000,700190000,,,,,,4610239000,,,,,,-6568000,668499000,205015000,73043000,,33989000,,85218000,81159000,378265000,32935000,12791000,,,4318881000,3758472000,1933504000,,,,,,1046199000,,24786000,355457000,30000000,,,232330000,8436000,2385377000,30000000,,,,2243568000,28462000,,1949980000,1949856000,217305000,151101000,1581762000,-312000,-5476000,,6470470000,5754003000,716466000,11.07,834173000,-117706000,,161681000,677000,,,,90233000,54849000,,-46258000,400000,,,,,,,-45858000,-4452000,9.71,-41405000,,-41405000,,,-45858000,,,,,,,,,,,,,,,,,,,,,,,,,,,,,0,10783000000,77000000,104000000,58000000,12,16,566,,2.97,2.97,1.72,3.22,0.92,0.22,2.12,,12.89,,,-46.6,-2.15,60.01,-152.86,-71.39,11.17,0.78,,175.07,,4610239000,175.07,52.47,59.95,4.19,134.9,3058282000,221.45,1.93,289.65,52.95,1944380000,31.02,-41805000,,,,"[{'segment': 'OverseasRealEstate', 'period': 'CurrentYTDDuration', 'net_sales': '144260000', 'revenues_from_external_customers': '144260000', 'operating_income': '-24180000', 'transactions_with_other_segments': None}, {'segment': 'RealEstateManagement', 'period': 'CurrentYTDDuration', 'net_sales': '817590000', 'revenues_from_external_customers': '813654000', 'operating_income': '-12731000', 'transactions_with_other_segments': '3935000'}, {'segment': 'RealEstateSales', 'period': 'CurrentYTDDuration', 'net_sales': '5482551000', 'revenues_from_external_customers': '5482551000', 'operating_income': '-77015000', 'transactions_with_other_segments': None}, {'segment': 'Reconcile', 'period': 'CurrentYTDDuration', 'net_sales': '-3935000', 'revenues_from_external_customers': None, 'operating_income': '5940000', 'transactions_with_other_segments': '-3935000'}, {'segment': 'Total', 'period': 'CurrentYTDDuration', 'net_sales': '6474406000', 'revenues_from_external_customers': '6470470000', 'operating_income': '-123646000', 'transactions_with_other_segments': '3935000'}, {'segment': 'SalesSupportBusiness', 'period': 'CurrentYTDDuration', 'net_sales': '30003000', 'revenues_from_external_customers': '30003000', 'operating_income': '-9719000', 'transactions_with_other_segments': None}]",0,,,,23113000,5600000,2021,3,,9.71
values,3469,株式会社デュアルタップ,代表取締役社長　　臼井　貴弘,東京都品川区西品川一丁目１番１号,2022-06-30,2022-09-30,2022-09-30,2022-08-26,有価証券報告書－第16期(令和3年7月1日－令和4年6月30日),（訂正・数値データ訂正）「2022年6月期決算短信〔日本基準〕（連結）」の一部訂正について,Japan GAAP,3432413,3432900,487,5034147000,4635396000,855289000,,,,,,3585703000,,,,,,-6181000,398751000,123622000,30712000,,7244000,,81316000,77913000,193812000,32419000,,,,2987357000,2578205000,1992844000,,,,,,189400000,,24569000,1434909000,20000000,,,83274000,22881000,994513000,30000000,,,,856799000,22528000,2474000,2046789000,2048993000,217305000,151101000,1680922000,-336000,-7803000,,10756498000,9611773000,1144724000,10.64,1094311000,50413000,0.47,165983000,260000,,,,121004000,70239000,,95393000,400000,,,,,,,95793000,38038000,39.71,57754000,,57754000,0.54,2786202000,95793000,25968000,12985000,,2344188000,,10246000,-17000,,,,,,,,,,,,-2466971000,133314000,2015709000,-4531013000,,-20000000,-23000,,-39322000,2071000,2786185000,10000000000,230000000,170000000,100000000,12,16,594,89366000,2.83,2.83,2.14,2.47,1.15,0.27,2.02,25.9,10.17,2.27,,139.33,0.72,107.56,21.92,57.75,16.99,0.95,,136.16,,3585703000,136.16,87.01,51.21,2.88,92.53,1722916000,145.93,1.26,232.6,29.83,2041189000,40.55,-2728848000,150,71709986,336086,"[{'segment': 'SalesSupportBusiness', 'period': 'CurrentYearDuration', 'net_sales': '61243000', 'revenues_from_external_customers': '61243000', 'operating_income': '6978000', 'transactions_with_other_segments': None}, {'segment': 'Reconcile', 'period': 'CurrentYearDuration', 'net_sales': '-5868000', 'revenues_from_external_customers': None, 'operating_income': '7920000', 'transactions_with_other_segments': '-5868000'}, {'segment': 'Total', 'period': 'CurrentYearDuration', 'net_sales': '10762366000', 'revenues_from_external_customers': '10756498000', 'operating_income': '42493000', 'transactions_with_other_segments': '5868000'}, {'segment': 'OverseasRealEstate', 'period': 'CurrentYearDuration', 'net_sales': '188060000', 'revenues_from_external_customers': '188060000', 'operating_income': '-28448000', 'transactions_with_other_segments': None}, {'segment': 'RealEstateManagement', 'period': 'CurrentYearDuration', 'net_sales': '1114335000', 'revenues_from_external_customers': '1108466000', 'operating_income': '-3112000', 'transactions_with_other_segments': '5868000'}, {'segment': 'RealEstateSales', 'period': 'CurrentYearDuration', 'net_sales': '9398727000', 'revenues_from_external_customers': '9398727000', 'operating_income': '67076000', 'transactions_with_other_segments': None}]",17000,,,,23128000,5600000,2021,4,71.32,39.71
values,3490,株式会社アズ企画設計,代表取締役社長　松本　俊人,埼玉県川口市戸塚二丁目12番20号,2018-05-31,2018-07-12,2018-07-12,2018-07-10,四半期報告書－第30期第1四半期(平成30年3月1日－平成30年5月31日),平成31年２月期　第１四半期決算短信〔日本基準〕（非連結）,Japan GAAP,940455,940500,45,6563051000,5099561000,2434079000,34133000,,,34133000,,2505379000,,3195000,,,,-3767000,1463490000,1299317000,1369747000,,,,500000,,163673000,,,-7000,,5247631000,4548132000,2671888000,,,8622000,,,1720079000,,,389928000,,,,,38699000,2575742000,371500000,,,,2066625000,,,1315420000,1314849000,169600000,328320000,817102000,-173000,570000,,1604614000,1315551000,289062000,18.01,212361000,76700000,4.78,1209000,23000,1000,22000,,16754000,10156000,,61155000,,,,,,,,61155000,28796000,47.09,32358000,,32358000,2.02,,61155000,,,,,,,,,,,,,,,,,,,,,,,,,,,,,0,8138000000,436000000,382000000,219000000,0,211,1398,76700000,15.09,15.09,0.81,4.99,3.03,4.3,,,13.23,,,13.24,7.55,19.72,17.59,14.78,37.09,5.51,2.35,215.51,,2539512000,217.86,4.08,69.3,10.3,-354.22,2114053000,398.88,3.46,190.86,10.65,1315420000,20.04,32358000,,,,"[{'segment': 'RealEstateLeasing', 'period': 'CurrentYTDDuration', 'net_sales': '170422000', 'revenues_from_external_customers': '170422000', 'operating_income': '31365000', 'transactions_with_other_segments': None}, {'segment': 'RealEstateSales', 'period': 'CurrentYTDDuration', 'net_sales': '1396033000', 'revenues_from_external_customers': '1396033000', 'operating_income': '94541000', 'transactions_with_other_segments': None}, {'segment': 'Total', 'period': 'CurrentYTDDuration', 'net_sales': '1604614000', 'revenues_from_external_customers': '1604614000', 'operating_income': '135739000', 'transactions_with_other_segments': None}, {'segment': 'Reconcile', 'period': 'CurrentYTDDuration', 'net_sales': None, 'revenues_from_external_customers': None, 'operating_income': '-59038000', 'transactions_with_other_segments': None}, {'segment': 'RealEstateManagement', 'period': 'CurrentYTDDuration', 'net_sales': '38157000', 'revenues_from_external_customers': '38157000', 'operating_income': '9831000', 'transactions_with_other_segments': None}]",0,,,,54571000,,2018,1,,47.09
values,3490,株式会社アズ企画設計,代表取締役社長　松本　俊人,埼玉県川口市戸塚二丁目12番20号,2018-08-31,2018-10-11,2018-10-11,2018-10-10,四半期報告書－第30期第2四半期(平成30年6月1日－平成30年8月31日),平成31年2月期　第2四半期決算短信〔日本基準〕（非連結）,Japan GAAP,940455,940500,45,6165806000,4715724000,2219520000,33428000,,,33428000,,2324232000,,85000,,,,-3050000,1450082000,1276977000,1370025000,,,,475000,,172628000,,,-5000,,4834209000,4168699000,1921096000,,,13773000,,,967400000,,,392320000,,,,,55939000,2913113000,393000000,,,,2415979000,,,1331596000,1331119000,169600000,328320000,833371000,-173000,477000,,2939898000,2440571000,499327000,16.98,383096000,116230000,3.95,5590000,49000,14000,35000,,29009000,20252000,,92812000,,,,6634000,,,6634000,86178000,37549000,43.57,48628000,,48628000,1.65,-610643000,86178000,39157000,,6570000,-639575000,-6791000,-127779000,-4677000,,,,,,,,,,,,932290000,-934658000,1411000000,-204980000,244917000,-59600000,-173000,,,,-615320000,8138000000,436000000,382000000,219000000,0,211,1415,155387000,14.91,14.91,0.86,4.63,3.22,4.58,,-20.77,13.03,7.84,,17.42,5.74,36.13,26.66,22.2,36.0,5.03,2.3,199.92,,2357660000,202.23,4.15,67.61,9.44,-324.67,1949179000,362.99,3.13,245.47,9.82,1331596000,21.6,665905000,,,,"[{'segment': 'RealEstateLeasing', 'period': 'CurrentYTDDuration', 'net_sales': '330389000', 'revenues_from_external_customers': '330389000', 'operating_income': '46928000', 'transactions_with_other_segments': None}, {'segment': 'RealEstateSales', 'period': 'CurrentYTDDuration', 'net_sales': '2531213000', 'revenues_from_external_customers': '2531213000', 'operating_income': '171485000', 'transactions_with_other_segments': None}, {'segment': 'Total', 'period': 'CurrentYTDDuration', 'net_sales': '2939898000', 'revenues_from_external_customers': '2939898000', 'operating_income': '235646000', 'transactions_with_other_segments': None}, {'segment': 'Reconcile', 'period': 'CurrentYTDDuration', 'net_sales': None, 'revenues_from_external_customers': None, 'operating_income': '-119415000', 'transactions_with_other_segments': None}, {'segment': 'RealEstateManagement', 'period': 'CurrentYTDDuration', 'net_sales': '78295000', 'revenues_from_external_customers': '78295000', 'operating_income': '17232000', 'transactions_with_other_segments': None}]",4677000,,,,55041000,,2018,2,,43.57
values,3490,株式会社アズ企画設計,代表取締役社長　松本　俊人,埼玉県川口市戸塚二丁目12番20号,2018-11-30,2019-01-11,2019-01-11,2019-01-10,四半期報告書－第30期第3四半期(平成30年9月1日－平成30年11月30日),平成31年２月期　第３四半期決算短信〔日本基準〕,Japan GAAP,940455,940500,45,6702511000,5261764000,1842656000,39173000,,,39173000,,3145933000,,212000,,,,-3179000,1440747000,1260240000,1372332000,,,,1014000,,179492000,,,-3000,,5414084000,4744310000,2002191000,,,22767000,,,1042976000,,,395884000,,,,,645000,3411893000,514000000,,,,2791450000,,,1288426000,1288033000,169600000,328320000,790285000,-173000,393000,,3621914000,2990638000,631275000,17.43,564417000,66858000,1.85,9970000,53000,18000,35000,,46580000,30662000,,30248000,375000,,,6792000,,,6634000,23831000,18289000,76.74,5542000,,5542000,0.15,,23831000,,,,,,,,,,,,,,,,,,,,,,,,,,,,,0,5351000000,,191000000,161000000,0,211,1370,66858000,15.41,15.41,0.79,5.2,2.96,4.18,,,15.58,,,45.86,2.18,67.69,,3.44,27.49,4.17,2.7,270.61,,3185106000,273.3,4.2,70.78,10.75,-369.5,2901654000,420.15,3.68,262.8,14.61,1288426000,19.22,11959000,,,,"[{'segment': 'RealEstateLeasing', 'period': 'CurrentYTDDuration', 'net_sales': '508279000', 'revenues_from_external_customers': '508279000', 'operating_income': '61425000', 'transactions_with_other_segments': None}, {'segment': 'RealEstateSales', 'period': 'CurrentYTDDuration', 'net_sales': '3002453000', 'revenues_from_external_customers': '3002453000', 'operating_income': '154225000', 'transactions_with_other_segments': None}, {'segment': 'Total', 'period': 'CurrentYTDDuration', 'net_sales': '3621914000', 'revenues_from_external_customers': '3621914000', 'operating_income': '241495000', 'transactions_with_other_segments': None}, {'segment': 'Reconcile', 'period': 'CurrentYTDDuration', 'net_sales': None, 'revenues_from_external_customers': None, 'operating_income': '-174637000', 'transactions_with_other_segments': None}, {'segment': 'RealEstateManagement', 'period': 'CurrentYTDDuration', 'net_sales': '111181000', 'revenues_from_external_customers': '111181000', 'operating_income': '25845000', 'transactions_with_other_segments': None}]",0,,,,55122000,,2018,3,,76.74
values,3490,株式会社アズ企画設計,代表取締役社長　　松本　俊人,埼玉県川口市戸塚二丁目12番20号,2019-02-28,2019-05-30,2019-05-30,2019-04-11,有価証券報告書－第30期(平成30年3月1日－平成31年2月28日),2019年２月期決算短信［日本基準］（非連結）,Japan GAAP,950955,951000,45,6419493000,4941489000,1801981000,38979000,,,38979000,,2995765000,,31000,,22831000,32386000,-2690000,1478004000,1239190000,1372107000,,,,975000,,237839000,1388000,58511000,-2000,,4936087000,4425128000,1474751000,,,11343000,,,682697000,,3190000,375073000,,,,20079000,46495000,3461335000,498500000,,,,2859716000,5952000,,1483406000,1483061000,170608000,329328000,983298000,-173000,344000,,5296866000,4243322000,1053543000,19.89,760197000,293345000,5.54,13551000,90000,27000,63000,,58972000,41205000,,247924000,375000,,,8452000,,,8293000,239848000,41293000,17.22,198554000,,198554000,3.75,-1283981000,239848000,77978000,,1019000,-1311108000,-9221000,-156231000,-7704000,,,,,,,,,,,,1209300000,-1219361000,2245000000,-612490000,439600000,-119200000,-173000,,,,-1291685000,7826000000,280000000,215000000,145000000,0,208,1559,371323000,13.39,13.38,0.83,4.33,3.09,4.27,,-24.24,14.35,7.4,,14.05,7.12,67.68,104.77,136.93,28.07,4.08,2.69,257.69,,3034744000,260.37,4.27,68.93,10.03,-344.64,2623147000,332.71,2.98,335.07,13.21,1483406000,23.11,1490612000,51,103860117,5751862,"[{'segment': 'RealEstateManagement', 'period': 'CurrentYearDuration', 'net_sales': '150059000', 'revenues_from_external_customers': '150059000', 'operating_income': '33543000', 'transactions_with_other_segments': None}, {'segment': 'RealEstateLeasing', 'period': 'CurrentYearDuration', 'net_sales': '689921000', 'revenues_from_external_customers': '689921000', 'operating_income': '100429000', 'transactions_with_other_segments': None}, {'segment': 'RealEstateSales', 'period': 'CurrentYearDuration', 'net_sales': '4456885000', 'revenues_from_external_customers': '4456885000', 'operating_income': '395555000', 'transactions_with_other_segments': None}, {'segment': 'Reconcile', 'period': 'CurrentYearDuration', 'net_sales': None, 'revenues_from_external_customers': None, 'operating_income': '-236183000', 'transactions_with_other_segments': None}, {'segment': 'Total', 'period': 'CurrentYearDuration', 'net_sales': '5296866000', 'revenues_from_external_customers': '5296866000', 'operating_income': '529529000', 'transactions_with_other_segments': None}]",7704000,,,,55024000,,2018,4,0.0,17.22
values,3490,株式会社アズ企画設計,代表取締役社長　松本　俊人,埼玉県川口市戸塚二丁目12番20号,2019-05-31,2019-07-11,2019-07-11,2019-07-10,四半期報告書－第31期第1四半期(平成31年3月1日－令和1年5月31日),2020年2月期　第1四半期決算短信［日本基準］（非連結）,Japan GAAP,950955,951000,45,6394454000,5065947000,2312965000,33101000,,,33101000,,2659508000,,226000,,,,-2436000,1328507000,1222130000,1372102000,,,,936000,,105440000,,,,,5000931000,4386844000,1835384000,,,15168000,,,942984000,,,386544000,,,,,2729000,3165546000,639500000,,,,2417816000,,,1393522000,1393171000,170608000,329328000,893407000,-173000,351000,,1394359000,1273518000,120840000,8.67,195210000,-74369000,,2096000,34000,10000,24000,,16614000,9938000,,-88887000,,,,,,,,-88887000,1002000,-1.13,-89890000,,-89890000,,,-88887000,,,,,,,,,,,,,,,,,,,,,,,,,,,,,0,7826000000,280000000,215000000,145000000,0,13,1465,,0.95,0.95,0.86,4.59,0.21,0.99,,,14.0,,,-13.36,-7.48,17.82,-26.56,-61.99,36.17,5.04,2.19,205.35,,2692609000,207.55,4.51,68.6,9.55,44191.03,2073879000,358.83,3.15,276.02,156.85,1393522000,21.79,-89890000,,,,"[{'segment': 'RealEstateLeasing', 'period': 'CurrentYTDDuration', 'net_sales': '181691000', 'revenues_from_external_customers': '181691000', 'operating_income': '19149000', 'transactions_with_other_segments': None}, {'segment': 'RealEstateSales', 'period': 'CurrentYTDDuration', 'net_sales': '1178799000', 'revenues_from_external_customers': '1178799000', 'operating_income': '-35400000', 'transactions_with_other_segments': None}, {'segment': 'Total', 'period': 'CurrentYTDDuration', 'net_sales': '1394359000', 'revenues_from_external_customers': '1394359000', 'operating_income': '-5781000', 'transactions_with_other_segments': None}, {'segment': 'Reconcile', 'period': 'CurrentYTDDuration', 'net_sales': None, 'revenues_from_external_customers': None, 'operating_income': '-68588000', 'transactions_with_other_segments': None}, {'segment': 'RealEstateManagement', 'period': 'CurrentYTDDuration', 'net_sales': '33868000', 'revenues_from_external_customers': '33868000', 'operating_income': '10469000', 'transactions_with_other_segments': None}]",0,,,,54719000,,2019,1,,-1.13
values,3490,株式会社アズ企画設計,代表取締役社長　松本　俊人,埼玉県川口市戸塚二丁目12番20号,2019-08-31,2019-10-11,2019-10-11,2019-10-10,四半期報告書－第31期第2四半期(令和1年6月1日－令和1年8月31日),2020年2月期　第2四半期決算短信［日本基準］（非連結）,Japan GAAP,950955,951000,45,6928157000,5597244000,2153465000,33098000,,,33098000,,3276666000,,384000,,,,-2883000,1330913000,1204302000,1372102000,,,,897000,,125713000,,,,,5540062000,4953701000,1752288000,,,16873000,,,859555000,,,428437000,,,,,3582000,3787774000,624000000,,,,3041709000,,,1388095000,1387680000,170608000,329328000,887916000,-173000,414000,,2147007000,1885138000,261868000,12.2,353343000,-91474000,,7597000,52000,23000,29000,,28263000,19444000,,-112140000,,,,,,,,-112140000,-16759000,14.94,-95381000,,-95381000,,-352134000,-112140000,35725000,,5881000,-280902000,5529000,43428000,-759000,,,,,,,,,,,,577168000,176858000,1300000000,-1064643000,245536000,-79000000,,,,,-352893000,7826000000,280000000,215000000,145000000,0,13,1459,,0.95,0.95,0.8,4.99,0.19,0.9,,-16.4,16.46,13.64,,-21.26,-4.7,27.43,-32.67,-65.78,31.08,4.69,2.19,253.01,,3309764000,255.2,4.57,71.5,10.79,49901.29,2800236000,399.06,3.57,319.42,211.79,1388095000,20.04,256753000,,,,"[{'segment': 'RealEstateLeasing', 'period': 'CurrentYTDDuration', 'net_sales': '355061000', 'revenues_from_external_customers': '355061000', 'operating_income': '29674000', 'transactions_with_other_segments': None}, {'segment': 'RealEstateSales', 'period': 'CurrentYTDDuration', 'net_sales': '1722979000', 'revenues_from_external_customers': '1722979000', 'operating_income': '-19137000', 'transactions_with_other_segments': None}, {'segment': 'Total', 'period': 'CurrentYTDDuration', 'net_sales': '2147007000', 'revenues_from_external_customers': '2147007000', 'operating_income': '29893000', 'transactions_with_other_segments': None}, {'segment': 'Reconcile', 'period': 'CurrentYTDDuration', 'net_sales': None, 'revenues_from_external_customers': None, 'operating_income': '-121367000', 'transactions_with_other_segments': None}, {'segment': 'RealEstateManagement', 'period': 'CurrentYTDDuration', 'net_sales': '68966000', 'revenues_from_external_customers': '68966000', 'operating_income': '19356000', 'transactions_with_other_segments': None}]",759000,,,,54801000,,2019,2,,14.94
values,3490,株式会社アズ企画設計,代表取締役社長　松本　俊人,埼玉県川口市戸塚二丁目12番20号,2019-11-30,2020-01-14,2020-01-14,2020-01-10,四半期報告書－第31期第3四半期(令和1年9月1日－令和1年11月30日),2020年2月期　第3四半期決算短信［日本基準］（非連結）,Japan GAAP,950955,951000,45,7693414000,6322975000,1915541000,29590000,,,29590000,,4132762000,,331000,,,,-3838000,1370438000,1200636000,1373202000,,,,5848000,,163953000,,,,,6346461000,5642741000,1831689000,,,28315000,,,807016000,,,495540000,,,,,444000,4514772000,540000000,,,,3800185000,,,1346953000,1346427000,170608000,329328000,846664000,-173000,525000,,3145632000,2782710000,362921000,11.54,504512000,-141591000,,11252000,55000,26000,29000,,41646000,30690000,,-171985000,,,,,,,,-171985000,-35351000,20.55,-136633000,,-136633000,,,-171985000,,,,,,,,,,,,,,,,,,,,,,,,,,,,,0,5505000000,74000000,30000000,17000000,0,13,1416,,0.98,0.98,0.72,5.71,0.17,0.82,,,16.04,,,-21.68,-4.61,57.14,-191.34,-803.72,24.9,4.17,1.96,319.11,,4162352000,321.07,4.59,73.35,12.29,56842.36,3727200000,471.11,4.19,345.2,281.89,1346953000,17.51,-136633000,,,,"[{'segment': 'RealEstateLeasing', 'period': 'CurrentYTDDuration', 'net_sales': '523207000', 'revenues_from_external_customers': '523207000', 'operating_income': '17606000', 'transactions_with_other_segments': None}, {'segment': 'RealEstateSales', 'period': 'CurrentYTDDuration', 'net_sales': '2519775000', 'revenues_from_external_customers': '2519775000', 'operating_income': '-6445000', 'transactions_with_other_segments': None}, {'segment': 'Total', 'period': 'CurrentYTDDuration', 'net_sales': '3145632000', 'revenues_from_external_customers': '3145632000', 'operating_income': '41615000', 'transactions_with_other_segments': None}, {'segment': 'Reconcile', 'period': 'CurrentYTDDuration', 'net_sales': None, 'revenues_from_external_customers': None, 'operating_income': '-183207000', 'transactions_with_other_segments': None}, {'segment': 'RealEstateManagement', 'period': 'CurrentYTDDuration', 'net_sales': '102648000', 'revenues_from_external_customers': '102648000', 'operating_income': '30455000', 'transactions_with_other_segments': None}]",0,,,,55268000,,2019,3,,20.55
values,3490,株式会社アズ企画設計,代表取締役社長　　松本　俊人,埼玉県川口市戸塚二丁目12番20号,2020-02-29,2020-10-09,2020-10-09,2020-04-13,訂正有価証券報告書－第31期(平成31年3月1日－令和2年2月29日),2020年２月期決算短信［日本基準］（非連結） ,Japan GAAP,950933,951000,67,6781679000,5477482000,2161939000,31125000,,,31125000,,3036974000,,90000,,35803000,,-3593000,1304196000,1180354000,1370288000,,,,5809000,,118032000,1470000,49335000,,,5285026000,4653360000,1267701000,,,42271000,,,299288000,,5408000,474010000,,,,33772000,2358000,4017324000,524500000,,,,3338290000,11864000,,1496652000,1496251000,170608000,329328000,996520000,-207000,401000,,5509480000,4727056000,782424000,14.2,695708000,86715000,1.57,16904000,78000,41000,37000,,54887000,41973000,,48731000,,,,6055000,,,6055000,42676000,29453000,69.02,13222000,,13222000,0.24,9927000,42676000,72371000,,7854000,-41209000,30928000,-39219000,-7342000,,-4989000,,,,,,,,,,257268000,-383409000,2645500000,-2067989000,245536000,-178500000,-33000,,,,-2404000,,,,,0,13,1573,159086000,0.88,0.88,0.81,4.53,0.19,0.93,,0.18,12.63,9.25,,48.4,2.07,,,,31.88,4.71,2.06,234.5,,3068099000,236.56,4.67,68.62,10.14,46875.79,2491421000,353.07,3.11,432.08,188.43,1496652000,22.07,9350000,59,93381016,1469745,"[{'segment': 'RealEstateManagement', 'period': 'CurrentYearDuration', 'net_sales': '134246000', 'revenues_from_external_customers': '134246000', 'operating_income': '43535000', 'transactions_with_other_segments': None}, {'segment': 'RealEstateLeasing', 'period': 'CurrentYearDuration', 'net_sales': '717760000', 'revenues_from_external_customers': '717760000', 'operating_income': '58244000', 'transactions_with_other_segments': None}, {'segment': 'RealEstateSales', 'period': 'CurrentYearDuration', 'net_sales': '4657473000', 'revenues_from_external_customers': '4657473000', 'operating_income': '252070000', 'transactions_with_other_segments': None}, {'segment': 'Reconcile', 'period': 'CurrentYearDuration', 'net_sales': None, 'revenues_from_external_customers': None, 'operating_income': '-268539000', 'transactions_with_other_segments': None}, {'segment': 'Total', 'period': 'CurrentYearDuration', 'net_sales': '5509480000', 'revenues_from_external_customers': '5509480000', 'operating_income': '353851000', 'transactions_with_other_segments': None}]",12331000,,,,55881000,,2019,4,0.0,69.02
values,3490,株式会社アズ企画設計,代表取締役社長　松本　俊人,埼玉県川口市戸塚二丁目12番20号,2020-05-31,2020-07-13,2020-07-13,2020-07-10,四半期報告書－第32期第1四半期(令和2年3月1日－令和2年5月31日),2021年2月期　第1四半期決算短信［日本基準］（非連結）,Japan GAAP,950933,951000,67,7512451000,6185739000,1943135000,38445000,,,38445000,,4023241000,,95000,,,,-3750000,1326712000,1166549000,1372743000,,,,5774000,,154388000,,,,,6083844000,5453695000,1640843000,,,13338000,,,736960000,,,401031000,,,,,2999000,4443001000,440500000,,,,3875204000,,,1428607000,1428227000,170608000,329328000,928496000,-207000,380000,,1245074000,1143602000,101471000,8.15,186510000,-85038000,,1337000,31000,1000,30000,,11758000,9680000,,-95459000,,,,,,,,-95459000,-27435000,28.74,-68024000,,-68024000,,,-95459000,,,,,,,,,,,,,,,,,,,,,,,,,,,,,0,,,,,0,10,1502,,0.73,0.73,1.0,5.26,0.14,0.27,,,14.98,,,-11.38,-8.78,,,,25.87,3.09,1.86,217.94,,4061686000,219.8,6.47,72.6,8.67,344.3,3510560000,425.8,3.82,376.99,338.01,1428607000,19.02,-68024000,,,,"[{'segment': 'RealEstateLeasing', 'period': 'CurrentYTDDuration', 'net_sales': '172472000', 'revenues_from_external_customers': '172472000', 'operating_income': '-34928000', 'transactions_with_other_segments': None}, {'segment': 'RealEstateSales', 'period': 'CurrentYTDDuration', 'net_sales': '1032897000', 'revenues_from_external_customers': '1032897000', 'operating_income': '5095000', 'transactions_with_other_segments': None}, {'segment': 'Total', 'period': 'CurrentYTDDuration', 'net_sales': '1245074000', 'revenues_from_external_customers': '1245074000', 'operating_income': '-20594000', 'transactions_with_other_segments': None}, {'segment': 'Reconcile', 'period': 'CurrentYTDDuration', 'net_sales': None, 'revenues_from_external_customers': None, 'operating_income': '-64768000', 'transactions_with_other_segments': None}, {'segment': 'RealEstateManagement', 'period': 'CurrentYTDDuration', 'net_sales': '39703000', 'revenues_from_external_customers': '39703000', 'operating_income': '9238000', 'transactions_with_other_segments': None}]",0,,,,55964000,,2020,1,,28.74
values,3490,株式会社アズ企画設計,代表取締役社長　松本　俊人,埼玉県川口市戸塚二丁目12番20号,2020-08-31,2020-10-12,2020-10-12,2020-10-09,四半期報告書－第32期第2四半期(令和2年6月1日－令和2年8月31日),2021年2月期　第2四半期決算短信［日本基準］（非連結）,Japan GAAP,950933,951000,67,6223068000,4962327000,2424887000,29260000,,,29260000,,2373924000,,13000,,,,-3489000,1260741000,1143029000,1373243000,,,,5739000,,111972000,,,,,4740685000,4110636000,1005862000,,,37904000,,,129650000,,,348730000,,,,,8729000,3734823000,426000000,,,,3206256000,,,1482383000,1481960000,170608000,329328000,982230000,-207000,422000,,3470426000,3129828000,340597000,9.81,372101000,-31504000,,2898000,67000,25000,42000,,25806000,21689000,,-54411000,70217000,,,24822000,,,24822000,-9016000,5274000,-58.5,-14290000,,-14290000,,811871000,-9016000,35436000,,1865000,663050000,-4367000,-140657000,-4354000,,,,,,,,,,,,-529135000,-169638000,1627500000,-1884814000,,-99500000,,,,,807517000,,,,,0,10,1558,,0.7,0.7,1.21,4.2,0.17,0.33,,23.39,10.72,10.4,,-68.85,-1.45,,,,38.97,3.86,1.42,128.6,,2403184000,130.01,6.6,66.05,6.54,259.51,1685749000,319.76,2.77,493.34,162.31,1482383000,23.82,-871556000,,,,"[{'segment': 'RealEstateLeasing', 'period': 'CurrentYTDDuration', 'net_sales': '311036000', 'revenues_from_external_customers': '311036000', 'operating_income': '-63090000', 'transactions_with_other_segments': None}, {'segment': 'RealEstateSales', 'period': 'CurrentYTDDuration', 'net_sales': '3069268000', 'revenues_from_external_customers': '3069268000', 'operating_income': '133253000', 'transactions_with_other_segments': None}, {'segment': 'Total', 'period': 'CurrentYTDDuration', 'net_sales': '3470426000', 'revenues_from_external_customers': '3470426000', 'operating_income': '88840000', 'transactions_with_other_segments': None}, {'segment': 'Reconcile', 'period': 'CurrentYTDDuration', 'net_sales': None, 'revenues_from_external_customers': None, 'operating_income': '-120974000', 'transactions_with_other_segments': None}, {'segment': 'RealEstateManagement', 'period': 'CurrentYTDDuration', 'net_sales': '90121000', 'revenues_from_external_customers': '90121000', 'operating_income': '18677000', 'transactions_with_other_segments': None}]",4354000,,,,55948000,,2020,2,,-58.5
values,3490,株式会社アズ企画設計,代表取締役社長　松本　俊人,埼玉県川口市戸塚二丁目12番20号,2020-11-30,2021-01-13,2021-01-13,2021-01-12,四半期報告書－第32期第3四半期(令和2年9月1日－令和2年11月30日),2021年2月期　第3四半期決算短信［日本基準］（非連結）,Japan GAAP,950933,951000,67,5900426000,4663094000,2400942000,23529000,,,23529000,,2117248000,,1000,,,,-3411000,1237332000,1130940000,1375312000,,,,5704000,,100687000,,,,,4372913000,3731057000,1067065000,,,7218000,,,209840000,,,319933000,,,,,2529000,3305848000,342000000,,,,2859284000,,,1527512000,1527135000,170608000,329328000,1027405000,-207000,377000,,5860652000,5242482000,618169000,10.55,581042000,37127000,0.63,4305000,97000,33000,64000,,39076000,32948000,,2355000,70217000,,,24822000,,,24822000,47750000,16866000,35.32,30884000,,30884000,0.53,,47750000,,,,,,,,,,,,,,,,,,,,,,,,,,,,,0,7540000000,,,,0,10,1606,37127000,0.68,0.68,1.28,3.86,0.18,0.35,,,9.91,,,88.74,1.13,77.73,,,40.69,3.82,1.14,114.69,,2140777000,115.83,6.67,63.23,5.93,235.55,1330115000,286.24,2.44,437.0,128.07,1527512000,25.89,-14511000,,,,"[{'segment': 'RealEstateLeasing', 'period': 'CurrentYTDDuration', 'net_sales': '426509000', 'revenues_from_external_customers': '426509000', 'operating_income': '-96036000', 'transactions_with_other_segments': None}, {'segment': 'RealEstateSales', 'period': 'CurrentYTDDuration', 'net_sales': '5306299000', 'revenues_from_external_customers': '5306299000', 'operating_income': '283134000', 'transactions_with_other_segments': None}, {'segment': 'Total', 'period': 'CurrentYTDDuration', 'net_sales': '5860652000', 'revenues_from_external_customers': '5860652000', 'operating_income': '215148000', 'transactions_with_other_segments': None}, {'segment': 'Reconcile', 'period': 'CurrentYTDDuration', 'net_sales': None, 'revenues_from_external_customers': None, 'operating_income': '-178993000', 'transactions_with_other_segments': None}, {'segment': 'RealEstateManagement', 'period': 'CurrentYTDDuration', 'net_sales': '127843000', 'revenues_from_external_customers': '127843000', 'operating_income': '28051000', 'transactions_with_other_segments': None}]",0,,,,56031000,,2020,3,,35.32
values,3490,株式会社アズ企画設計,代表取締役社長　　松本　俊人,埼玉県川口市戸塚二丁目12番20号,2021-02-28,2021-05-27,2021-05-27,2021-04-13,有価証券報告書－第32期(令和2年3月1日－令和3年2月28日),2021年2月期決算短信〔日本基準〕（非連結）,Japan GAAP,950933,951000,67,5471634000,4273134000,2384506000,29006000,,,29006000,,1752365000,,9000,,27098000,,-3260000,1198500000,1102890000,1370680000,,,,5669000,,89940000,1632000,26473000,,,3964482000,3338497000,1029607000,,,6260000,,,190530000,,3818000,308954000,,,,37849000,3842000,2934874000,342000000,,,,2487458000,5737000,,1507152000,1506637000,170608000,329328000,1006907000,-207000,514000,,7544669000,6738018000,806651000,10.69,762886000,43764000,0.58,7329000,118000,46000,72000,,50055000,42139000,,1037000,70217000,,,35376000,,,35376000,35878000,25492000,71.05,10386000,,10386000,0.14,1584002000,35878000,70455000,,2119000,1284608000,-36011000,-155929000,-6644000,,,,,,,,,,,,-1328980000,-108758000,4069500000,-5085388000,,-199000000,,,,,1577358000,9491000000,231000000,162000000,112000000,0,10,1584,114219000,0.69,0.69,1.38,3.63,0.19,0.38,,20.99,10.11,8.73,,96.29,1.04,79.49,18.95,9.27,43.58,3.79,1.4,94.93,,1781371000,96.33,6.84,61.01,5.31,210.76,953991000,263.01,2.22,415.03,91.85,1507152000,27.54,-1608457000,60,125744483,729400,"[{'segment': 'Reconcile', 'period': 'CurrentYearDuration', 'net_sales': None, 'revenues_from_external_customers': None, 'operating_income': '-228015000', 'transactions_with_other_segments': None}, {'segment': 'Total', 'period': 'CurrentYearDuration', 'net_sales': '7544669000', 'revenues_from_external_customers': '7544669000', 'operating_income': '271780000', 'transactions_with_other_segments': None}, {'segment': 'RealEstateManagement', 'period': 'CurrentYearDuration', 'net_sales': '159093000', 'revenues_from_external_customers': '159093000', 'operating_income': '39852000', 'transactions_with_other_segments': None}, {'segment': 'RealEstateLeasing', 'period': 'CurrentYearDuration', 'net_sales': '575632000', 'revenues_from_external_customers': '575632000', 'operating_income': '-99229000', 'transactions_with_other_segments': None}, {'segment': 'RealEstateSales', 'period': 'CurrentYearDuration', 'net_sales': '6809943000', 'revenues_from_external_customers': '6809943000', 'operating_income': '331156000', 'transactions_with_other_segments': None}]",6644000,,,,56115000,,2020,4,0.0,71.05
values,3490,株式会社アズ企画設計,代表取締役社長　松本　俊人,埼玉県川口市戸塚二丁目12番20号,2021-05-31,2021-07-14,2021-07-14,2021-07-13,四半期報告書－第33期第1四半期(令和3年3月1日－令和3年5月31日),2022年2月期　第１四半期決算短信［日本基準］（非連結）,Japan GAAP,950933,951000,67,7133207000,5894305000,1860628000,18976000,,,18976000,,3882637000,,,,,,-3172000,1238901000,1090936000,1370680000,,,,5405000,,142559000,,,,,5748715000,5109070000,1459410000,,,8030000,,,621660000,,,318544000,,,,,2999000,4289304000,378000000,,,,3790866000,,,1384491000,1383857000,170608000,329328000,884127000,-207000,634000,,428922000,356855000,72066000,16.8,235747000,-163681000,,634000,29000,5000,24000,,13428000,8254000,,-176474000,,,,,,,,-176474000,-53694000,30.43,-122780000,,-122780000,,,-176474000,,,,,,,,,,,,,,,,,,,,,,,,,,,,,0,9491000000,231000000,162000000,112000000,0,-553,1455,,,,1.34,5.15,,4.23,,,54.96,,,-5.04,-19.83,4.52,-70.86,-109.63,26.08,2.33,0.72,167.05,,3901613000,167.78,8.79,71.62,6.39,400.53,3248442000,415.16,3.69,403.88,-6.17,1384491000,19.41,-122780000,,,,"[{'segment': 'RealEstateLeasing', 'period': 'CurrentYTDDuration', 'net_sales': '136409000', 'revenues_from_external_customers': '136409000', 'operating_income': '-39345000', 'transactions_with_other_segments': None}, {'segment': 'RealEstateSales', 'period': 'CurrentYTDDuration', 'net_sales': '226630000', 'revenues_from_external_customers': '226630000', 'operating_income': '-58097000', 'transactions_with_other_segments': None}, {'segment': 'Total', 'period': 'CurrentYTDDuration', 'net_sales': '428922000', 'revenues_from_external_customers': '428922000', 'operating_income': '-96778000', 'transactions_with_other_segments': None}, {'segment': 'Reconcile', 'period': 'CurrentYTDDuration', 'net_sales': None, 'revenues_from_external_customers': None, 'operating_income': '-66903000', 'transactions_with_other_segments': None}, {'segment': 'RealEstateManagement', 'period': 'CurrentYTDDuration', 'net_sales': '65882000', 'revenues_from_external_customers': '65882000', 'operating_income': '665000', 'transactions_with_other_segments': None}]",0,,,,56198000,,2021,1,,30.43
values,3490,株式会社アズ企画設計,代表取締役社長　松本　俊人,埼玉県川口市戸塚二丁目12番20号,2021-08-31,2021-10-14,2021-10-14,2021-10-13,四半期報告書－第33期第2四半期(令和3年6月1日－令和3年8月31日),2022年2月期　第2四半期決算短信［日本基準］（非連結）,Japan GAAP,950933,951000,67,6185050000,5017899000,2272447000,18071000,,,18071000,,2584344000,,130000,,,,-3191000,1167150000,1071361000,1368537000,,,,5141000,,90647000,,,,,4688606000,4093012000,1466366000,,,31139000,,,624150000,,,344220000,,,,,5224000,3222239000,418000000,,,,2706642000,,,1496443000,1495623000,170608000,329328000,995892000,-207000,820000,,2980391000,2578781000,401609000,13.48,383997000,17612000,0.59,1431000,58000,22000,36000,,28090000,20132000,,-9047000,,,,3335000,,,,-12382000,-1367000,11.04,-11014000,,-11014000,,-893023000,-12382000,33535000,,10934000,-831979000,24879000,-19987000,-4814000,,,,,,,,,,,,787447000,433620000,2296000000,-2041550000,200000000,-98500000,,,,,-897837000,9491000000,231000000,162000000,112000000,0,-553,1573,51147000,,,1.55,4.13,,4.91,,-29.96,12.88,8.35,,114.31,0.87,31.4,7.62,-9.83,36.74,2.84,0.69,111.19,,2602415000,111.88,8.95,66.18,5.12,320.88,1820565000,313.27,2.74,342.2,-3.46,1496443000,24.19,885344000,,,,"[{'segment': 'RealEstateLeasing', 'period': 'CurrentYTDDuration', 'net_sales': '259735000', 'revenues_from_external_customers': '259735000', 'operating_income': '-53484000', 'transactions_with_other_segments': None}, {'segment': 'RealEstateSales', 'period': 'CurrentYTDDuration', 'net_sales': '2616445000', 'revenues_from_external_customers': '2616445000', 'operating_income': '165964000', 'transactions_with_other_segments': None}, {'segment': 'Total', 'period': 'CurrentYTDDuration', 'net_sales': '2980391000', 'revenues_from_external_customers': '2980391000', 'operating_income': '134044000', 'transactions_with_other_segments': None}, {'segment': 'Reconcile', 'period': 'CurrentYTDDuration', 'net_sales': None, 'revenues_from_external_customers': None, 'operating_income': '-116432000', 'transactions_with_other_segments': None}, {'segment': 'RealEstateManagement', 'period': 'CurrentYTDDuration', 'net_sales': '104210000', 'revenues_from_external_customers': '104210000', 'operating_income': '21564000', 'transactions_with_other_segments': None}]",4814000,,,,55747000,,2021,2,,11.04
values,3490,株式会社アズ企画設計,代表取締役社長　松本　俊人,埼玉県川口市戸塚二丁目12番20号,2021-11-30,2022-01-14,2022-01-14,2022-01-13,四半期報告書－第33期第3四半期(令和3年9月1日－令和3年11月30日),2022年2月期　第3四半期決算短信［日本基準］（非連結）,Japan GAAP,950933,951000,67,8905087000,7692664000,1861492000,13650000,,,13650000,,5696526000,,6030000,,,,-3132000,1212422000,1054925000,1368537000,,,,4877000,,152619000,,,,,7552909000,6924762000,2878012000,,,19113000,,,2081080000,,,307480000,,,,,1333000,4674896000,334000000,,,,4202202000,,,1352177000,1351268000,170608000,329328000,851538000,-207000,908000,,3538505000,3065787000,472718000,13.36,647984000,-175266000,,2176000,86000,25000,61000,,43550000,33807000,,-216639000,,,,3335000,,,,-219975000,-64606000,29.37,-155369000,,-155369000,,,-219975000,,,,,,,,,,,,,,,,,,,,,,,,,,,,,0,9592000000,359000000,303000000,-530000000,0,-553,1421,,,,1.08,6.59,,3.32,,,18.31,,,-19.29,-5.18,36.89,-48.82,29.31,20.9,2.33,0.52,245.1,,5710176000,245.62,9.09,77.76,8.66,542.88,5063270000,558.49,5.12,267.29,-9.61,1352177000,15.18,-152034000,,,,"[{'segment': 'RealEstateLeasing', 'period': 'CurrentYTDDuration', 'net_sales': '358399000', 'revenues_from_external_customers': '358399000', 'operating_income': '-108040000', 'transactions_with_other_segments': None}, {'segment': 'RealEstateSales', 'period': 'CurrentYTDDuration', 'net_sales': '3036438000', 'revenues_from_external_customers': '3036438000', 'operating_income': '70473000', 'transactions_with_other_segments': None}, {'segment': 'Total', 'period': 'CurrentYTDDuration', 'net_sales': '3538505000', 'revenues_from_external_customers': '3538505000', 'operating_income': '-9484000', 'transactions_with_other_segments': None}, {'segment': 'Reconcile', 'period': 'CurrentYTDDuration', 'net_sales': None, 'revenues_from_external_customers': None, 'operating_income': '-165781000', 'transactions_with_other_segments': None}, {'segment': 'RealEstateManagement', 'period': 'CurrentYTDDuration', 'net_sales': '143668000', 'revenues_from_external_customers': '143668000', 'operating_income': '28082000', 'transactions_with_other_segments': None}]",0,,,,55831000,,2021,3,,29.37
values,3490,株式会社アズ企画設計,代表取締役社長　　松本　俊人,埼玉県川口市戸塚二丁目12番20号,2022-02-28,2022-05-30,2022-05-30,2022-04-13,有価証券報告書－第33期(令和3年3月1日－令和4年2月28日),2022年2月期　決算短信［日本基準］（非連結）,Japan GAAP,957433,957500,67,3988851000,3557260000,2610791000,42873000,,,42873000,,760804000,,18000,,26990000,,-2500000,431590000,296896000,650694000,,,,4251000,,130443000,2052000,72291000,,,3006830000,2286760000,1182662000,,,32987000,,,317630000,,1532000,235785000,,,,14658000,138399000,1824168000,329000000,,,,1398609000,4204000,,982020000,981211000,171232000,329952000,480233000,-207000,809000,,9592554000,8483241000,1109312000,11.56,749824000,359487000,3.75,4239000,115000,41000,74000,,59965000,48715000,,303761000,,,,745578000,,,742118000,-441817000,84857000,-19.21,-526674000,,-526674000,,1275563000,-441817000,66887000,,-13867000,991562000,26727000,-177263000,-4814000,,,,,,,,,,,,-1044120000,127100000,4055000000,-5217018000,195868000,-202500000,,,,,1270749000,10728000000,413000000,339000000,236000000,0,-550,1025,426374000,,,2.4,4.06,,8.4,,13.3,7.82,6.03,,13.55,7.38,89.42,87.04,-223.17,65.45,3.27,1.63,32.73,,803677000,34.37,32.31,57.33,2.86,179.27,-324031000,306.12,2.33,300.78,0.62,982020000,24.62,-1056659000,47,204096893,7648659,"[{'segment': 'RealEstateManagement', 'period': 'CurrentYearDuration', 'net_sales': '194333000', 'revenues_from_external_customers': '194333000', 'operating_income': '42726000', 'transactions_with_other_segments': None}, {'segment': 'RealEstateLeasing', 'period': 'CurrentYearDuration', 'net_sales': '474084000', 'revenues_from_external_customers': '474084000', 'operating_income': '-116644000', 'transactions_with_other_segments': None}, {'segment': 'RealEstateSales', 'period': 'CurrentYearDuration', 'net_sales': '8924136000', 'revenues_from_external_customers': '8924136000', 'operating_income': '646334000', 'transactions_with_other_segments': None}, {'segment': 'Reconcile', 'period': 'CurrentYearDuration', 'net_sales': None, 'revenues_from_external_customers': None, 'operating_income': '-212929000', 'transactions_with_other_segments': None}, {'segment': 'Total', 'period': 'CurrentYearDuration', 'net_sales': '9592554000', 'revenues_from_external_customers': '9592554000', 'operating_income': '572417000', 'transactions_with_other_segments': None}]",4814000,,,,56609000,,2021,4,0.0,-19.21
values,8945,日本社宅サービス株式会社,代表取締役社長　　笹　晃弘,東京都新宿区箪笥町35番地,2018-09-30,2018-11-13,2018-11-13,2018-11-05,四半期報告書－第21期第1四半期(平成30年7月1日－平成30年9月30日),2019年６月期　第１四半期決算短信〔日本基準〕（連結）,Japan GAAP,9450942,10597400,1146458,8911147000,4779664000,2006019000,248734000,,,248734000,,311507000,1632000,14367000,,,,-2990000,4131482000,687050000,,,,,434130000,297729000,3010301000,2731689000,,-80000000,,2928635000,250000000,2037036000,,,240294000,,,250000000,,,,,,,,93296000,891599000,,,,,,,,5982511000,4128510000,742282000,933432000,2912262000,-459466000,1748490000,,1886509000,1447910000,438598000,23.25,252814000,185784000,9.85,4100000,22000,6000,,,1926000,,,187957000,87000,37000,,,,,,188044000,70631000,37.56,117413000,,117413000,6.22,,188044000,,,,,,,,,,,,,,,,,,,,,,,,,,,,,0,8891000000,968000000,1002000000,652000000,22,73,621,185784000,11.75,10.9,0.95,1.52,7.75,10.12,3.54,,13.4,,,,,21.22,19.19,18.01,22.51,2.85,10.76,17.78,,560241000,28.54,12.29,2.81,0.36,35.3,-1756019000,45.46,0.04,234.64,-2.54,5877001000,65.95,117326000,,,,"[{'segment': 'Others', 'period': 'CurrentYTDDuration', 'net_sales': '129537000', 'revenues_from_external_customers': '111351000', 'operating_income': '16816000', 'transactions_with_other_segments': '18186000'}, {'segment': 'CondominiumAndBuildingManagementServices', 'period': 'CurrentYTDDuration', 'net_sales': '909349000', 'revenues_from_external_customers': '906216000', 'operating_income': '-403000', 'transactions_with_other_segments': '3132000'}, {'segment': 'CorporateHousingManagementServices', 'period': 'CurrentYTDDuration', 'net_sales': '868941000', 'revenues_from_external_customers': '868941000', 'operating_income': '169111000', 'transactions_with_other_segments': None}, {'segment': 'Reconcile', 'period': 'CurrentYTDDuration', 'net_sales': '-21319000', 'revenues_from_external_customers': None, 'operating_income': '259000', 'transactions_with_other_segments': '-21319000'}, {'segment': 'Total', 'period': 'CurrentYTDDuration', 'net_sales': '1907828000', 'revenues_from_external_customers': '1886509000', 'operating_income': '185524000', 'transactions_with_other_segments': '21319000'}]",0,,,177664000,,105510000,2018,1,,37.56
values,8945,日本社宅サービス株式会社,代表取締役社長　　笹　晃弘,東京都新宿区箪笥町35番地,2018-12-31,2019-02-13,2019-02-13,2019-02-04,四半期報告書－第21期第2四半期(平成30年10月1日－平成30年12月31日),2019年６月期 第２四半期決算短信〔日本基準〕（連結）,Japan GAAP,9575410,10721900,1146490,8588906000,4733216000,2414509000,317606000,,,317606000,,165768000,1292000,14213000,11999000,,,-3007000,3855690000,682041000,,,,,420295000,289229000,2753353000,2500227000,,,,2507091000,,1659663000,,,204636000,,,,,,,,,,,140428000,847428000,,,,,,,,6081815000,4382799000,778132000,969282000,3094875000,-459491000,1587902000,,4126476000,3122748000,1003727000,24.32,556400000,447327000,10.84,10924000,1174000,7000,,,2167000,9000,,456083000,6285000,37000,,,,,,462368000,162929000,35.24,299439000,,299439000,7.26,-162802000,462368000,46274000,17000000,-15782000,128544000,-85240000,-9667000,-6966000,37000,-12070000,,,,,,,,,,-43562000,,,,,,-25000,,-94466000,,-181838000,8891000000,968000000,1002000000,652000000,22,72,623,510601000,11.57,10.74,0.98,1.44,8.04,10.38,3.53,-3.95,13.48,4.61,,0.0,49703.0,46.41,46.21,45.93,28.11,3.43,13.73,9.46,,483374000,23.2,12.38,,,,-2414509000,38.33,,285.19,-3.5,5970702000,69.52,455956000,,,,"[{'segment': 'Reconcile', 'period': 'CurrentYTDDuration', 'net_sales': '-42475000', 'revenues_from_external_customers': None, 'operating_income': '1964000', 'transactions_with_other_segments': '-42475000'}, {'segment': 'Total', 'period': 'CurrentYTDDuration', 'net_sales': '4168951000', 'revenues_from_external_customers': '4126476000', 'operating_income': '445362000', 'transactions_with_other_segments': '42475000'}, {'segment': 'Others', 'period': 'CurrentYTDDuration', 'net_sales': '262943000', 'revenues_from_external_customers': '226527000', 'operating_income': '31610000', 'transactions_with_other_segments': '36416000'}, {'segment': 'CondominiumAndBuildingManagementServices', 'period': 'CurrentYTDDuration', 'net_sales': '2101876000', 'revenues_from_external_customers': '2095818000', 'operating_income': '56472000', 'transactions_with_other_segments': '6058000'}, {'segment': 'CorporateHousingManagementServices', 'period': 'CurrentYTDDuration', 'net_sales': '1804131000', 'revenues_from_external_customers': '1804131000', 'operating_income': '357279000', 'transactions_with_other_segments': None}]",19036000,,,167577000,,111113000,2018,2,,35.24
values,8945,日本社宅サービス株式会社,代表取締役社長　　笹　晃弘,東京都新宿区箪笥町35番地,2019-03-31,2019-05-14,2019-05-14,2019-05-08,四半期報告書－第21期第3四半期(平成31年1月1日－平成31年3月31日),2019年６月期　第３四半期決算短信〔日本基準〕（連結）,Japan GAAP,9581169,10727700,1146531,12293647000,7747209000,2421063000,313583000,,,313583000,,164037000,1279000,8937000,11069000,,,-5735000,4546437000,685044000,,,,,402407000,280728000,3458985000,3203330000,,,,5718269000,2750000000,4665462000,,,189896000,,,2750000000,,,,,,,,65550000,1052806000,,,,,,,,6575377000,4384272000,780078000,971228000,3092488000,-459523000,2075714000,,6183673000,4768274000,1415399000,22.89,832228000,583171000,9.43,13418000,1407000,14000,1393000,,2379000,13000,,594209000,6358000,37000,,485000,,,,600081000,216850000,36.14,383231000,,383231000,6.2,,600081000,,,,,,,,,,,,,,,,,,,,,,,,,,,,,0,8437000000,955000000,1001000000,666000000,22,72,674,583171000,10.69,9.98,0.69,1.9,5.62,6.73,3.26,,13.46,,,0.0,44859.31,73.29,61.07,57.54,19.69,3.44,13.56,9.36,,477620000,22.92,12.32,22.37,3.91,388.33,328937000,81.28,0.43,166.05,0.48,6459987000,52.55,377358000,,,,"[{'segment': 'Reconcile', 'period': 'CurrentYTDDuration', 'net_sales': '-63189000', 'revenues_from_external_customers': None, 'operating_income': '2284000', 'transactions_with_other_segments': '-63189000'}, {'segment': 'Total', 'period': 'CurrentYTDDuration', 'net_sales': '6246863000', 'revenues_from_external_customers': '6183673000', 'operating_income': '580886000', 'transactions_with_other_segments': '63189000'}, {'segment': 'Others', 'period': 'CurrentYTDDuration', 'net_sales': '404994000', 'revenues_from_external_customers': '350427000', 'operating_income': '43816000', 'transactions_with_other_segments': '54566000'}, {'segment': 'CondominiumAndBuildingManagementServices', 'period': 'CurrentYTDDuration', 'net_sales': '3024889000', 'revenues_from_external_customers': '3016266000', 'operating_income': '49377000', 'transactions_with_other_segments': '8622000'}, {'segment': 'CorporateHousingManagementServices', 'period': 'CurrentYTDDuration', 'net_sales': '2816979000', 'revenues_from_external_customers': '2816979000', 'operating_income': '487693000', 'transactions_with_other_segments': None}]",0,,,169518000,,115390000,2018,3,,36.14
values,8945,日本社宅サービス株式会社,代表取締役社長　　笹　晃弘,東京都新宿区箪笥町35番地,2019-06-30,2019-10-01,2019-10-01,2019-08-09,訂正有価証券報告書－第21期(平成30年7月1日－令和1年6月30日),2019年６月期　決算短信〔日本基準〕（連結）,Japan GAAP,9590169,10736700,1146531,9534735000,5474478000,3216782000,338153000,,,338153000,,240850000,1131000,12823000,10627000,,,-3154000,4060256000,649880000,235339000,,489239000,,396911000,272228000,3013464000,2756801000,84325000,,,2951999000,,2004963000,,,169393000,,,,,,,,,,327807000,154495000,947036000,,,,,,,761967000,6582736000,4697651000,783098000,974248000,3399828000,-459523000,1765912000,,8441187000,6394525000,2046662000,24.25,1090944000,955717000,11.32,54442000,37034000,,,,7137000,4130000,,1003022000,25921000,19309000,,2488000,2002000,,,1026456000,335885000,32.72,690570000,,690570000,8.18,708166000,1026456000,92995000,34001000,-36329000,53462000,-120482000,-224000,-14156000,46452000,-35071000,,,,,,,,,,-121703000,,,,,,-57000,,-180386000,,658939000,9480000000,1055000000,1101000000,715000000,22,72,673,1082713000,10.68,9.97,0.89,1.48,7.24,9.59,3.26,8.39,12.92,4.54,,0.43,231.41,89.04,90.59,96.58,33.74,4.57,14.62,13.75,,579003000,28.37,12.99,,,,-3216782000,41.92,,273.05,-4.66,6463564000,67.79,-41029000,635,13293207,1505066,"[{'segment': 'Others', 'period': 'CurrentYearDuration', 'net_sales': '622907000', 'revenues_from_external_customers': '549922000', 'operating_income': '135667000', 'transactions_with_other_segments': '72985000'}, {'segment': 'CondominiumAndBuildingManagementServices', 'period': 'CurrentYearDuration', 'net_sales': '4115602000', 'revenues_from_external_customers': '4103501000', 'operating_income': '122433000', 'transactions_with_other_segments': '12100000'}, {'segment': 'CorporateHousingManagementServices', 'period': 'CurrentYearDuration', 'net_sales': '3787763000', 'revenues_from_external_customers': '3787763000', 'operating_income': '694993000', 'transactions_with_other_segments': None}, {'segment': 'Reconcile', 'period': 'CurrentYearDuration', 'net_sales': '-85086000', 'revenues_from_external_customers': None, 'operating_income': '2623000', 'transactions_with_other_segments': '-85086000'}, {'segment': 'Total', 'period': 'CurrentYearDuration', 'net_sales': '8526274000', 'revenues_from_external_customers': '8441187000', 'operating_income': '953094000', 'transactions_with_other_segments': '85086000'}]",49227000,,,168516000,,119172000,2018,4,30.55,32.72
values,8945,日本社宅サービス株式会社,代表取締役社長　　髙木　章,東京都新宿区箪笥町35番地,2019-09-30,2019-11-13,2019-11-13,2019-11-05,四半期報告書－第22期第1四半期(令和1年7月1日－令和1年9月30日),2020年６月期　第１四半期決算短信〔日本基準〕（連結）,Japan GAAP,9623312,10769900,1146588,9559917000,5207741000,2391010000,370299000,,,370299000,,269345000,992000,11967000,,,,-3970000,4352176000,673385000,,,,,453215000,266931000,3225574000,2968064000,,,,2806705000,,1815840000,,,177577000,,,,,,,,,,,106975000,990864000,,,,,,,,6753212000,4722384000,793158000,984308000,3404500000,-459582000,1912487000,,2083401000,1596067000,487334000,23.39,274074000,213259000,10.24,2388000,21000,,,,275000,,,215372000,109000,,,736000,,,,214744000,80820000,37.64,133924000,,133924000,6.43,,214744000,,,,,,,,,,,,,,,,,,,,,,,,,,,,,0,9480000000,1055000000,1101000000,715000000,28,58,689,213259000,8.47,7.92,0.9,1.44,5.88,7.78,4.06,,13.16,,,,,21.98,20.21,18.73,25.01,3.33,15.67,14.89,,639644000,30.56,12.81,,,,-2391010000,38.91,,286.8,-4.26,6634872000,69.4,134551000,,,,"[{'segment': 'Reconcile', 'period': 'CurrentYTDDuration', 'net_sales': '-20806000', 'revenues_from_external_customers': None, 'operating_income': '499000', 'transactions_with_other_segments': '-20806000'}, {'segment': 'Total', 'period': 'CurrentYTDDuration', 'net_sales': '2104208000', 'revenues_from_external_customers': '2083401000', 'operating_income': '212760000', 'transactions_with_other_segments': '20806000'}, {'segment': 'Others', 'period': 'CurrentYTDDuration', 'net_sales': '138005000', 'revenues_from_external_customers': '119950000', 'operating_income': '7674000', 'transactions_with_other_segments': '18054000'}, {'segment': 'CondominiumAndBuildingManagementServices', 'period': 'CurrentYTDDuration', 'net_sales': '1042847000', 'revenues_from_external_customers': '1040095000', 'operating_income': '33817000', 'transactions_with_other_segments': '2752000'}, {'segment': 'CorporateHousingManagementServices', 'period': 'CurrentYTDDuration', 'net_sales': '923354000', 'revenues_from_external_customers': '923354000', 'operating_income': '171268000', 'transactions_with_other_segments': None}]",0,,,167667000,,118340000,2019,1,,37.64
values,8945,日本社宅サービス株式会社,代表取締役社長　　髙木　章,東京都新宿区箪笥町35番地,2019-12-31,2020-02-13,2020-02-13,2020-02-04,四半期報告書－第22期第2四半期(令和1年10月1日－令和1年12月31日),2020年６月期　第２四半期決算短信〔日本基準〕（連結）,Japan GAAP,9700912,10847500,1146588,9953728000,5275857000,3201594000,292894000,,,292894000,,252719000,1088000,17834000,11925000,,,-2668000,4677871000,683378000,,,,,445917000,258262000,3548575000,3294345000,,,,2799045000,,1698505000,,,148582000,,,,,,,,,,,170526000,1100539000,,,,,,,,7154683000,4891843000,825713000,1016863000,3508849000,-459582000,2130466000,,4172738000,3203276000,969462000,23.23,584371000,385091000,9.23,6500000,1286000,,,,1021000,123000,,390570000,453000,,,2455000,569000,,,388569000,150295000,38.68,238274000,,238274000,5.71,220305000,388569000,46244000,17338000,45258000,-11862000,-20810000,-171279000,-54874000,231000,-40772000,,,,,,-12100000,,,,-69442000,,,,,,-59000,,-124691000,,124659000,9480000000,1055000000,1101000000,715000000,28,57,723,448673000,8.0,7.51,0.87,1.42,5.64,7.35,3.87,5.28,14.0,4.77,,0.03,3130.82,44.02,36.5,33.33,32.16,4.45,12.39,13.98,,545613000,26.37,12.62,,,,-3201594000,36.76,,310.62,-5.7,7022310000,70.55,19971000,,,,"[{'segment': 'Reconcile', 'period': 'CurrentYTDDuration', 'net_sales': '-40225000', 'revenues_from_external_customers': None, 'operating_income': '2894000', 'transactions_with_other_segments': '-40225000'}, {'segment': 'Total', 'period': 'CurrentYTDDuration', 'net_sales': '4212964000', 'revenues_from_external_customers': '4172738000', 'operating_income': '382196000', 'transactions_with_other_segments': '40225000'}, {'segment': 'Others', 'period': 'CurrentYTDDuration', 'net_sales': '276156000', 'revenues_from_external_customers': '240764000', 'operating_income': '11443000', 'transactions_with_other_segments': '35391000'}, {'segment': 'CondominiumAndBuildingManagementServices', 'period': 'CurrentYTDDuration', 'net_sales': '2047144000', 'revenues_from_external_customers': '2042309000', 'operating_income': '28713000', 'transactions_with_other_segments': '4834000'}, {'segment': 'CorporateHousingManagementServices', 'period': 'CurrentYTDDuration', 'net_sales': '1889664000', 'revenues_from_external_customers': '1889664000', 'operating_income': '342038000', 'transactions_with_other_segments': None}]",95646000,,,170971000,,132373000,2019,2,,38.68
values,8945,日本社宅サービス株式会社,代表取締役社長　　髙木　章,東京都新宿区箪笥町35番地,2020-03-31,2020-05-20,2020-05-20,2020-05-19,四半期報告書－第22期第3四半期(令和2年3月1日－令和2年3月31日),2020年６月期　第３四半期決算短信〔日本基準〕（連結）,Japan GAAP,9708012,10854600,1146588,11161513000,7724967000,2168678000,370409000,,,370409000,,264806000,1087000,24203000,13118000,,,-6153000,3436546000,677469000,,,,,449339000,249593000,2309737000,2048951000,,,,4871491000,2200000000,4172017000,,,157205000,,,2200000000,,,,,,,,134777000,699474000,,,,,,,,6290021000,4888892000,828436000,1019586000,3500451000,-459582000,1266411000,,6353252000,4904906000,1448346000,22.8,872235000,576110000,9.07,9817000,1480000,,,,1765000,189000,,584161000,804000,,,2455000,569000,,,582511000,226523000,38.89,355987000,,355987000,5.6,,582511000,,,,,,,,,,,,,,,,,,,,,,,,,,,,,0,8618000000,827000000,872000000,537000000,28,57,634,576110000,9.13,8.49,0.77,1.81,5.03,6.18,4.42,,13.73,,,0.03,3048.2,73.72,69.66,66.29,19.43,3.02,15.67,14.64,,635215000,30.32,12.73,19.71,3.06,256.65,31322000,72.17,0.36,185.16,0.06,6155303000,55.15,357638000,,,,"[{'segment': 'Reconcile', 'period': 'CurrentYTDDuration', 'net_sales': '-59042000', 'revenues_from_external_customers': None, 'operating_income': '3348000', 'transactions_with_other_segments': '-59042000'}, {'segment': 'Total', 'period': 'CurrentYTDDuration', 'net_sales': '6412295000', 'revenues_from_external_customers': '6353252000', 'operating_income': '572761000', 'transactions_with_other_segments': '59042000'}, {'segment': 'Others', 'period': 'CurrentYTDDuration', 'net_sales': '438176000', 'revenues_from_external_customers': '385661000', 'operating_income': '32227000', 'transactions_with_other_segments': '52515000'}, {'segment': 'CondominiumAndBuildingManagementServices', 'period': 'CurrentYTDDuration', 'net_sales': '3048888000', 'revenues_from_external_customers': '3042361000', 'operating_income': '39295000', 'transactions_with_other_segments': '6526000'}, {'segment': 'CorporateHousingManagementServices', 'period': 'CurrentYTDDuration', 'net_sales': '2925229000', 'revenues_from_external_customers': '2925229000', 'operating_income': '501238000', 'transactions_with_other_segments': None}]",0,,,175476000,,134718000,2019,3,,38.89
values,8945,"

サンネクスタグループ株式会社


（旧会社名　日本社宅サービス株式会社）

",代表取締役社長　髙木　章,東京都新宿区箪笥町35番地,2020-06-30,2020-10-20,2020-10-20,2020-08-11,訂正有価証券報告書－第22期(令和1年7月1日－令和2年6月30日),2020年６月期　決算短信〔日本基準〕（連結）,Japan GAAP,9730012,10876900,1146888,10361431000,5892871000,3704198000,306865000,,,306865000,,191390000,1188000,11186000,11443000,,,-2921000,4468560000,666068000,244929000,,489239000,,429316000,240924000,3373175000,3123339000,78340000,,,3102216000,,2051675000,,,157195000,,,,,,,,,,347248000,225141000,1050541000,,,,,,,858334000,7259215000,5111299000,836752000,1027902000,3706226000,-459582000,2011822000,,8626489000,6600530000,2025959000,23.49,1170196000,855762000,9.92,50163000,37224000,,,,2957000,233000,,902968000,866000,,,2455000,569000,,,901379000,339616000,37.68,561762000,,561762000,6.51,857207000,901379000,92831000,34676000,31288000,49466000,-12198000,-197244000,-60422000,100000,-64414000,,,,,,-12100000,,,,-177777000,,,,,,-59000,,-250463000,,732371000,9500000000,850000000,890000000,570000000,28,57,732,983269000,7.89,7.41,0.83,1.45,5.42,7.25,3.82,9.94,13.57,4.58,1.0,0.03,3672.8,90.81,100.68,98.55,35.75,5.15,12.98,10.58,,498255000,23.57,12.95,,,,-3704198000,40.19,,287.22,-6.59,7123121000,68.75,-293856000,662,13030950,1292691,"[{'segment': 'Total', 'period': 'CurrentYearDuration', 'net_sales': '8705212000', 'revenues_from_external_customers': '8626489000', 'operating_income': '851838000', 'transactions_with_other_segments': '78722000'}, {'segment': 'Others', 'period': 'CurrentYearDuration', 'net_sales': '658064000', 'revenues_from_external_customers': '588236000', 'operating_income': '112307000', 'transactions_with_other_segments': '69827000'}, {'segment': 'CondominiumAndBuildingManagementServices', 'period': 'CurrentYearDuration', 'net_sales': '4128556000', 'revenues_from_external_customers': '4119660000', 'operating_income': '63630000', 'transactions_with_other_segments': '8895000'}, {'segment': 'CorporateHousingManagementServices', 'period': 'CurrentYearDuration', 'net_sales': '3918592000', 'revenues_from_external_customers': '3918592000', 'operating_income': '675900000', 'transactions_with_other_segments': None}, {'segment': 'Reconcile', 'period': 'CurrentYearDuration', 'net_sales': '-78722000', 'revenues_from_external_customers': None, 'operating_income': '3923000', 'transactions_with_other_segments': '-78722000'}]",124836000,86000000,,178876000,,136094000,2019,4,48.5,37.68
values,8945,"

サンネクスタグループ株式会社


（旧会社名　日本社宅サービス株式会社）

",代表取締役社長　　髙木　章,東京都新宿区箪笥町35番地,2020-09-30,2020-11-13,2020-11-13,2020-11-05,四半期報告書－第23期第1四半期(令和2年7月1日－令和2年9月30日),2021年６月期 第１四半期決算短信〔日本基準〕（連結）,Japan GAAP,9899112,11046000,1146888,10819622000,5619215000,3073601000,259316000,,,259316000,,213394000,1207000,15981000,,,,-3284000,5200406000,660814000,,,,,415444000,232255000,4124147000,3824927000,,,,3147218000,,1857581000,,,147908000,,,,,,,,,,,100166000,1289636000,,,,,,,1093354000,7672404000,5069154000,860864000,1052014000,3615858000,-459582000,2498584000,,2000410000,1532456000,467954000,23.39,311442000,156511000,7.82,12907000,172000,,,,377000,,,169040000,308000,,,51300000,,,,118049000,62467000,52.92,55581000,,55581000,2.78,,118049000,,,,,,,,,,,,,,,,,,,,,,,,,,,,,0,9500000000,850000000,890000000,570000000,32,54,764,156511000,7.07,6.67,0.79,1.43,4.95,7.1,4.19,,15.57,,,,,21.06,18.41,9.75,28.41,4.33,11.11,12.2,,472710000,23.31,12.89,,,,-3073601000,38.7,,302.5,-5.74,7567739000,69.94,106573000,,,,"[{'segment': 'IncubationServices', 'period': 'CurrentYTDDuration', 'net_sales': '111518000', 'revenues_from_external_customers': '94556000', 'operating_income': '258000', 'transactions_with_other_segments': '16962000'}, {'segment': 'CorporateHouseManagementServices', 'period': 'CurrentYTDDuration', 'net_sales': '981130000', 'revenues_from_external_customers': '980882000', 'operating_income': '323026000', 'transactions_with_other_segments': '247000'}, {'segment': 'CondominiumManagementServices', 'period': 'CurrentYTDDuration', 'net_sales': '926828000', 'revenues_from_external_customers': '924971000', 'operating_income': '22123000', 'transactions_with_other_segments': '1856000'}, {'segment': 'Reconcile', 'period': 'CurrentYTDDuration', 'net_sales': '-19066000', 'revenues_from_external_customers': None, 'operating_income': '-188896000', 'transactions_with_other_segments': '-19066000'}, {'segment': 'Total', 'period': 'CurrentYTDDuration', 'net_sales': '2019477000', 'revenues_from_external_customers': '2000410000', 'operating_income': '345408000', 'transactions_with_other_segments': '19066000'}]",0,,,183692000,,104665000,2020,1,,52.92
values,8945,"

サンネクスタグループ株式会社


（旧会社名　日本社宅サービス株式会社）

",代表取締役社長　　髙木　章,東京都新宿区箪笥町35番地,2020-12-31,2021-02-12,2021-02-12,2021-02-05,四半期報告書－第23期第2四半期(令和2年10月1日－令和2年12月31日),2021年６月期　第２四半期決算短信〔日本基準〕（連結）,Japan GAAP,9986112,11133000,1146888,11492283000,5803091000,3729494000,302189000,,,302189000,,188542000,1279000,24642000,11585000,,,-2620000,5689191000,655753000,,,,,378454000,221225000,4654983000,4360951000,,,,3214964000,,1773444000,,,149319000,,,,,,,,,,,188426000,1441520000,,,,,,,1244484000,8277319000,5291670000,896032000,1087182000,3768037000,-459582000,2870477000,,4121711000,3093028000,1028683000,24.96,639913000,388769000,9.43,21430000,1319000,,,,573000,44000,,409626000,3285000,,,76692000,,,25163000,336219000,128458000,38.21,207760000,,207760000,5.04,127022000,336219000,41488000,17338000,4676000,2847000,-7875000,-14894000,-9930000,,-5219000,,,,,,,,,,-86833000,,,,,,,,-146165000,,111873000,9500000000,850000000,890000000,570000000,32,53,817,447595000,6.56,6.21,0.74,1.41,4.66,6.58,3.92,3.08,15.53,4.03,,0.01,8835.66,43.39,45.74,36.45,32.45,5.25,12.95,10.78,,490731000,23.73,12.99,,,,-3729494000,36.8,,327.22,-6.97,8162148000,71.02,154145000,,,,"[{'segment': 'IncubationServices', 'period': 'CurrentYTDDuration', 'net_sales': '223698000', 'revenues_from_external_customers': '189805000', 'operating_income': '-5785000', 'transactions_with_other_segments': '33893000'}, {'segment': 'CondominiumManagementServices', 'period': 'CurrentYTDDuration', 'net_sales': '1917841000', 'revenues_from_external_customers': '1914354000', 'operating_income': '62085000', 'transactions_with_other_segments': '3486000'}, {'segment': 'CorporateHouseManagementServices', 'period': 'CurrentYTDDuration', 'net_sales': '2018032000', 'revenues_from_external_customers': '2017551000', 'operating_income': '722218000', 'transactions_with_other_segments': '481000'}, {'segment': 'Total', 'period': 'CurrentYTDDuration', 'net_sales': '4159573000', 'revenues_from_external_customers': '4121711000', 'operating_income': '778517000', 'transactions_with_other_segments': '37861000'}, {'segment': 'Reconcile', 'period': 'CurrentYTDDuration', 'net_sales': '-37861000', 'revenues_from_external_customers': None, 'operating_income': '-389748000', 'transactions_with_other_segments': '-37861000'}]",15149000,,,187042000,,115171000,2020,2,,38.21
values,8945,"
サンネクスタグループ株式会社
（旧会社名　日本社宅サービス株式会社）
",代表取締役社長　　髙木　章,東京都新宿区箪笥町35番地,2021-03-31,2021-05-12,2021-05-12,2021-05-07,四半期報告書－第23期第3四半期(令和3年1月1日－令和3年3月31日),2021年６月期　第３四半期決算短信〔日本基準〕（連結）,Japan GAAP,9990712,11137600,1146888,13581260000,7969430000,2584290000,295260000,,,295260000,,168277000,1244000,12493000,12656000,,,-5489000,5611829000,665758000,,,,,361155000,212724000,4584915000,4250852000,,,,5468719000,2000000000,4067541000,,,138972000,,,2000000000,,,,,,,,275748000,1401177000,,,,,,,,8112540000,5234843000,898182000,1089332000,3706911000,-459582000,2759400000,,6206802000,4730867000,1475935000,23.78,953797000,522138000,8.41,24858000,1534000,,,,897000,105000,,546100000,3799000,,,76692000,,,25163000,473207000,176780000,37.36,296427000,,296427000,4.78,,473207000,,,,,,,,,,,,,,,,,,,,,,,,,,,,,0,8550000000,780000000,840000000,490000000,32,53,800,522138000,6.7,6.33,0.63,1.7,3.94,5.37,4.0,,15.37,,,0.02,4972.74,72.59,66.94,60.5,19.03,3.64,12.65,9.62,,463537000,22.27,12.8,14.73,2.82,285.11,-584290000,63.8,0.25,195.93,-1.09,7994244000,58.86,369320000,,,,"[{'segment': 'Reconcile', 'period': 'CurrentYTDDuration', 'net_sales': '-57818000', 'revenues_from_external_customers': None, 'operating_income': '-559820000', 'transactions_with_other_segments': '-57818000'}, {'segment': 'Total', 'period': 'CurrentYTDDuration', 'net_sales': '6264621000', 'revenues_from_external_customers': '6206802000', 'operating_income': '1081958000', 'transactions_with_other_segments': '57818000'}, {'segment': 'CorporateHouseManagementServices', 'period': 'CurrentYTDDuration', 'net_sales': '3061289000', 'revenues_from_external_customers': '3060557000', 'operating_income': '1021976000', 'transactions_with_other_segments': '732000'}, {'segment': 'CondominiumManagementServices', 'period': 'CurrentYTDDuration', 'net_sales': '2857843000', 'revenues_from_external_customers': '2852722000', 'operating_income': '82625000', 'transactions_with_other_segments': '5120000'}, {'segment': 'IncubationServices', 'period': 'CurrentYTDDuration', 'net_sales': '345489000', 'revenues_from_external_customers': '293523000', 'operating_income': '-22642000', 'transactions_with_other_segments': '51965000'}]",0,,,183898000,,118296000,2020,3,,37.36
values,8945,サンネクスタグループ株式会社,代表取締役社長　髙木　章,東京都新宿区箪笥町35番地,2021-06-30,2022-02-10,2022-02-10,2021-08-10,訂正有価証券報告書－第23期(令和2年7月1日－令和3年6月30日),2021年６月期　決算短信〔日本基準〕（連結）,Japan GAAP,10012912,11159800,1146888,12975464000,6660221000,4091682000,355698000,,,355698000,,115026000,1395000,10468000,10627000,,,-1722000,6315243000,671828000,261336000,,515492000,,338813000,204224000,5304600000,5014121000,120889000,,,4070335000,,2407988000,,,189313000,,,,,,,,,,367875000,344811000,1662346000,,,,,,,1464889000,8905128000,5495172000,908886000,1100036000,3945832000,-459582000,3290312000,,8519101000,6382834000,2136266000,25.08,1300161000,836104000,9.81,71804000,44195000,,,,1670000,604000,,906239000,10832000,,7218000,82584000,10000,,25163000,834486000,299138000,35.85,535347000,,535347000,6.28,701484000,834486000,77596000,34339000,-48833000,76364000,32118000,-98254000,-45068000,916000,-13787000,,,,,,-50000000,9173000,,,-215747000,,,,,,,,-295819000,,642629000,9600000000,880000000,910000000,590000000,32,53,877,948039000,6.09,5.79,0.66,1.48,4.13,6.11,3.65,8.23,15.26,3.63,,0.07,1384.28,88.74,95.01,90.74,31.53,5.76,15.24,6.58,,470724000,21.82,12.68,,,,-4091682000,43.46,,276.59,-7.64,8785484000,67.71,-94385000,675,12620890,1238672,"[{'segment': 'CorporateHouseManagementServices', 'period': 'CurrentYearDuration', 'net_sales': '4159964000', 'revenues_from_external_customers': '4158825000', 'operating_income': '1419678000', 'transactions_with_other_segments': '1138000'}, {'segment': 'CondominiumManagementServices', 'period': 'CurrentYearDuration', 'net_sales': '3963386000', 'revenues_from_external_customers': '3955319000', 'operating_income': '177011000', 'transactions_with_other_segments': '8067000'}, {'segment': 'IncubationServices', 'period': 'CurrentYearDuration', 'net_sales': '476168000', 'revenues_from_external_customers': '404956000', 'operating_income': '-23432000', 'transactions_with_other_segments': '71211000'}, {'segment': 'Total', 'period': 'CurrentYearDuration', 'net_sales': '8599519000', 'revenues_from_external_customers': '8519101000', 'operating_income': '1573257000', 'transactions_with_other_segments': '80417000'}, {'segment': 'Reconcile', 'period': 'CurrentYearDuration', 'net_sales': '-80417000', 'revenues_from_external_customers': None, 'operating_income': '-737152000', 'transactions_with_other_segments': '-80417000'}]",58855000,,,188740000,,119644000,2020,4,59.85,35.85
values,8945,サンネクスタグループ株式会社,代表取締役社長　　髙木　章,東京都新宿区箪笥町35番地,2021-09-30,2021-11-15,2021-11-15,2021-11-05,四半期報告書－第24期第1四半期(令和3年7月1日－令和3年9月30日),2022年６月期　第１四半期決算短信〔日本基準〕（連結）,Japan GAAP,10026612,11173500,1146888,15008594000,6127903000,2993231000,,,,,,165841000,1416000,10541000,12224000,,,-2970000,8880691000,684583000,,,,,353166000,195723000,7842941000,7539554000,,,,4405892000,,1974765000,,,142576000,,,,,,,,,,,80622000,2431127000,,,,,,,2236539000,10602702000,5438346000,915690000,1106840000,3875398000,-459582000,5042458000,,2086440000,1591561000,494879000,23.72,338817000,156061000,7.48,4808000,43000,,,,905000,,,159964000,,,,,,,,159964000,60179000,37.62,99785000,,99785000,4.78,,159964000,,,,,,,,,,,,,,,,,,,,,,,,,,,,,0,9600000000,880000000,910000000,1770000000,35,197,1045,156061000,18.85,18.06,0.58,1.43,13.17,,3.35,,16.24,,,,,21.73,17.73,5.64,19.94,4.13,,9.37,,165841000,9.37,12.7,,,,-2993231000,39.83,,310.31,-1.51,10480805000,69.83,99785000,,,,"[{'segment': 'IncubationServices', 'period': 'CurrentYTDDuration', 'net_sales': '113597000', 'revenues_from_external_customers': '95501000', 'operating_income': '-5247000', 'transactions_with_other_segments': '18095000'}, {'segment': 'CorporateHouseManagementServices', 'period': 'CurrentYTDDuration', 'net_sales': '1012909000', 'revenues_from_external_customers': '1012814000', 'operating_income': '354532000', 'transactions_with_other_segments': '94000'}, {'segment': 'CondominiumManagementServices', 'period': 'CurrentYTDDuration', 'net_sales': '980179000', 'revenues_from_external_customers': '978125000', 'operating_income': '2695000', 'transactions_with_other_segments': '2054000'}, {'segment': 'Reconcile', 'period': 'CurrentYTDDuration', 'net_sales': '-20244000', 'revenues_from_external_customers': None, 'operating_income': '-195918000', 'transactions_with_other_segments': '-20244000'}, {'segment': 'Total', 'period': 'CurrentYTDDuration', 'net_sales': '2106685000', 'revenues_from_external_customers': '2086440000', 'operating_income': '351980000', 'transactions_with_other_segments': '20244000'}]",0,,,186366000,,121897000,2021,1,,37.62
values,8945,サンネクスタグループ株式会社,代表取締役社長　　髙木　章,東京都新宿区箪笥町35番地,2021-12-31,2022-02-10,2022-02-10,2022-02-07,四半期報告書－第24期第2四半期(令和3年10月1日－令和3年12月31日),2022年６月期 第２四半期決算短信〔日本基準〕（連結）,Japan GAAP,10080941,11227900,1146959,14596617000,7732472000,5749565000,,,,,,196712000,1577000,15822000,11571000,,,-2926000,6864144000,719087000,,,,,434479000,187223000,5710578000,5421679000,,,,4050622000,,2320369000,,,192172000,,,,,,,,,,,650194000,1730253000,,,,,,,1535763000,10545994000,6877222000,942790000,1133940000,5260148000,-459656000,3534622000,,4219000000,3158787000,1060213000,25.13,713910000,346302000,8.21,11691000,1257000,,,,1044000,34000,,356948000,1830456000,,1826228000,8067000,,,7758000,2179337000,694801000,31.88,1484536000,,1484536000,35.19,190026000,2179337000,26397000,17000000,-381000,-81685000,2858000,1596093000,-58077000,,-116888000,,,,,,-98000000,1868803000,,,-128237000,,,,,,-74000,,-169681000,,15061000,9600000000,880000000,910000000,1770000000,35,196,1032,389699000,18.98,18.18,0.6,1.4,13.54,,3.39,4.5,16.92,2.49,,0.01,10185.35,43.95,39.35,83.87,39.39,7.93,,11.11,,196712000,11.11,12.09,,,,-5749565000,36.8,,333.24,-2.91,10411845000,71.33,-527879000,,,,"[{'segment': 'Reconcile', 'period': 'CurrentYTDDuration', 'net_sales': '-40470000', 'revenues_from_external_customers': None, 'operating_income': '-428089000', 'transactions_with_other_segments': '-40470000'}, {'segment': 'Total', 'period': 'CurrentYTDDuration', 'net_sales': '4259470000', 'revenues_from_external_customers': '4219000000', 'operating_income': '774391000', 'transactions_with_other_segments': '40470000'}, {'segment': 'IncubationServices', 'period': 'CurrentYTDDuration', 'net_sales': '228125000', 'revenues_from_external_customers': '192170000', 'operating_income': '-1548000', 'transactions_with_other_segments': '35955000'}, {'segment': 'CondominiumManagementServices', 'period': 'CurrentYTDDuration', 'net_sales': '1974468000', 'revenues_from_external_customers': '1970620000', 'operating_income': '41975000', 'transactions_with_other_segments': '3848000'}, {'segment': 'CorporateHouseManagementServices', 'period': 'CurrentYTDDuration', 'net_sales': '2056876000', 'revenues_from_external_customers': '2056209000', 'operating_income': '733965000', 'transactions_with_other_segments': '666000'}]",174965000,,,186994000,,134149000,2021,2,,31.88
values,8945,サンネクスタグループ株式会社,代表取締役社長　　髙木　章,東京都新宿区箪笥町35番地,2022-03-31,2022-05-11,2022-05-11,2022-05-06,四半期報告書－第24期第3四半期(令和4年1月1日－令和4年3月31日),2022年６月期　第３四半期決算短信〔日本基準〕（連結）,Japan GAAP,9115791,11231300,2115509,12428951000,8607245000,3045957000,,,,,,211992000,1696000,15349000,12783000,,,-6041000,3821705000,224153000,,,,,322677000,,3274874000,2974226000,,,,4547295000,1300000000,3618936000,,,133318000,,,1300000000,,,,,,,,597738000,928359000,,,,,,,733644000,7881655000,5908846000,944397000,1135547000,5314948000,-1486047000,1837384000,,6368903000,4789997000,1578905000,24.79,1044017000,534888000,8.4,14418000,1547000,,,,1787000,76000,,547519000,1959727000,,1903068000,8067000,,,7758000,2499179000,788467000,31.55,1710711000,,1710711000,26.86,,2499179000,,,,,,,,,,,,,,,,,,,,,,,,,,,,,0,8750000000,840000000,870000000,1850000000,35,216,849,534888000,25.51,21.4,0.7,1.6,15.9,,4.12,,16.39,,,0.01,7038.0,72.79,63.68,92.47,24.51,4.2,,11.97,,211992000,11.97,38.8,10.46,1.79,175.74,-1745957000,48.54,0.17,237.84,-0.88,7746230000,62.32,-240949000,,,,"[{'segment': 'Reconcile', 'period': 'CurrentYTDDuration', 'net_sales': '-60867000', 'revenues_from_external_customers': None, 'operating_income': '-610868000', 'transactions_with_other_segments': '-60867000'}, {'segment': 'Total', 'period': 'CurrentYTDDuration', 'net_sales': '6429770000', 'revenues_from_external_customers': '6368903000', 'operating_income': '1145757000', 'transactions_with_other_segments': '60867000'}, {'segment': 'CorporateHouseManagementServices', 'period': 'CurrentYTDDuration', 'net_sales': '3119796000', 'revenues_from_external_customers': '3118906000', 'operating_income': '1043071000', 'transactions_with_other_segments': '889000'}, {'segment': 'CondominiumManagementServices', 'period': 'CurrentYTDDuration', 'net_sales': '2960254000', 'revenues_from_external_customers': '2954738000', 'operating_income': '108106000', 'transactions_with_other_segments': '5516000'}, {'segment': 'IncubationServices', 'period': 'CurrentYTDDuration', 'net_sales': '349719000', 'revenues_from_external_customers': '295258000', 'operating_income': '-5421000', 'transactions_with_other_segments': '54460000'}]",0,,,191897000,,135425000,2021,3,,31.55
values,8945,サンネクスタグループ株式会社,代表取締役社長　髙木　章,東京都新宿区箪笥町35番地,2022-06-30,2022-09-26,2022-09-26,2022-09-09,有価証券報告書－第24期(令和3年7月1日－令和4年6月30日),（訂正・数値データ訂正）「2022 年６月期 決算短信〔日本基準〕（連結）」の一部訂正について,Japan GAAP,9060064,10692700,1632636,10625151000,7636390000,5634168000,,,,,,191864000,1704000,8247000,10406000,,,-3339000,2988761000,227031000,201053000,,99900000,,348945000,,2412783000,2145344000,102324000,,,3141966000,,2466595000,,,164560000,,,,,,,,,,321882000,692654000,675371000,,,,,,,479236000,7483184000,6092898000,972383000,727333000,5580378000,-1187197000,1262307000,,8696650000,6462030000,2234619000,25.7,1352137000,882482000,10.15,53841000,40105000,,,,3337000,415000,,932986000,1960016000,,1903068000,8095000,,,7758000,2884907000,908766000,31.5,1976141000,,1976141000,22.72,739735000,2884907000,51013000,25501000,-63099000,-94111000,-3939000,2221010000,-74890000,669000,-241023000,,,,,,-97997000,1946803000,,,-1418259000,,,,,,-1163814000,,-341257000,,423822000,9000000000,780000000,820000000,540000000,35,218,811,958996000,26.87,23.13,0.82,1.44,18.6,,4.31,8.51,15.55,2.28,,0.05,2126.46,96.63,113.14,365.95,53.03,7.77,,10.84,,191864000,10.84,38.31,,,,-5634168000,36.24,,309.59,-2.85,7355206000,69.22,-715515000,633,13738783,1394126,"[{'segment': 'Total', 'period': 'CurrentYearDuration', 'net_sales': '8778425000', 'revenues_from_external_customers': '8696650000', 'operating_income': '1657077000', 'transactions_with_other_segments': '81774000'}, {'segment': 'Reconcile', 'period': 'CurrentYearDuration', 'net_sales': '-81774000', 'revenues_from_external_customers': None, 'operating_income': '-774595000', 'transactions_with_other_segments': '-81774000'}, {'segment': 'CorporateHouseManagementServices', 'period': 'CurrentYearDuration', 'net_sales': '4192247000', 'revenues_from_external_customers': '4191207000', 'operating_income': '1404763000', 'transactions_with_other_segments': '1040000'}, {'segment': 'CondominiumManagementServices', 'period': 'CurrentYearDuration', 'net_sales': '4106328000', 'revenues_from_external_customers': '4098716000', 'operating_income': '255588000', 'transactions_with_other_segments': '7611000'}, {'segment': 'IncubationServices', 'period': 'CurrentYearDuration', 'net_sales': '479849000', 'revenues_from_external_customers': '406726000', 'operating_income': '-3274000', 'transactions_with_other_segments': '73123000'}]",315913000,,,193965000,,127978000,2021,4,16.05,31.5
values,3241,株式会社ウィル,代表取締役　　坂根　勝幸,兵庫県宝塚市逆瀬川一丁目14番６号,2018-03-31,2018-05-14,2018-05-14,2018-05-11,四半期報告書－第24期第1四半期(平成30年1月1日－平成30年3月31日),平成30年12月期第1四半期決算短信〔日本基準〕（連結）,Japan GAAP,11344934,11345000,66,5621000000,3898000000,1550000000,276000000,276000000,,,,1918000000,,,,,45000000,,1721000000,1596000000,788000000,,1086000000,,12000000,2000000,112000000,,,,,3310000000,2917000000,1943000000,96000000,96000000,,,,1019000000,,,532000000,,,,,16000000,1366000000,,,,,1366000000,,,2311000000,2282000000,277000000,198000000,1806000000,0,,,832000000,685000000,147000000,17.67,134000000,13000000,1.56,0,,0,,,5000000,4000000,,8000000,,,,,,,,8000000,5000000,62.5,3000000,,3000000,0.36,,8000000,,,,,,,,,,,,,,,,,,,,,,,,,,,,,0,5674000000,712000000,681000000,449000000,13,28,201,13000000,14.41,14.41,1.08,2.46,5.85,6.71,6.71,,16.11,,,30.77,3.25,14.66,1.83,0.67,27.58,3.07,16.64,138.9,6.95,2098000000,148.59,3.79,51.89,5.78,-279.94,1367000000,143.23,1.28,200.62,4.16,2283000000,40.62,3000000,,,,"[{'segment': 'Reconcile', 'period': 'CurrentYTDDuration', 'net_sales': '-54000000', 'revenues_from_external_customers': None, 'operating_income': '-128000000', 'transactions_with_other_segments': '-54000000'}, {'segment': 'Total', 'period': 'CurrentYTDDuration', 'net_sales': '886000000', 'revenues_from_external_customers': '832000000', 'operating_income': '141000000', 'transactions_with_other_segments': '54000000'}, {'segment': 'NotInclude', 'period': 'CurrentYTDDuration', 'net_sales': '36000000', 'revenues_from_external_customers': '35000000', 'operating_income': '5000000', 'transactions_with_other_segments': '0'}, {'segment': 'Total', 'period': 'CurrentYTDDuration', 'net_sales': '850000000', 'revenues_from_external_customers': '796000000', 'operating_income': '136000000', 'transactions_with_other_segments': '53000000'}, {'segment': 'SaleOnBusinessesDerivedFromRealEstateDeal', 'period': 'CurrentYTDDuration', 'net_sales': '32000000', 'revenues_from_external_customers': '32000000', 'operating_income': '15000000', 'transactions_with_other_segments': None}, {'segment': 'SaleOnConsignmentBusiness', 'period': 'CurrentYTDDuration', 'net_sales': '23000000', 'revenues_from_external_customers': '14000000', 'operating_income': '20000000', 'transactions_with_other_segments': '8000000'}, {'segment': 'SaleOnDevelopmentBusiness', 'period': 'CurrentYTDDuration', 'net_sales': '276000000', 'revenues_from_external_customers': '276000000', 'operating_income': '-7000000', 'transactions_with_other_segments': None}, {'segment': 'SaleOnConstructionWorkBusiness', 'period': 'CurrentYTDDuration', 'net_sales': '265000000', 'revenues_from_external_customers': '251000000', 'operating_income': '33000000', 'transactions_with_other_segments': '14000000'}, {'segment': 'SaleOnBrokerageFeeBusiness', 'period': 'CurrentYTDDuration', 'net_sales': '251000000', 'revenues_from_external_customers': '221000000', 'operating_income': '74000000', 'transactions_with_other_segments': '30000000'}]",0,,,,,28000000,2018,1,,62.5
values,3241,株式会社ウィル,代表取締役　　坂根　勝幸,兵庫県宝塚市逆瀬川一丁目14番６号,2018-06-30,2018-08-10,2018-08-10,2018-08-09,四半期報告書－第24期第2四半期(平成30年4月1日－平成30年6月30日),平成30年12月期第2四半期決算短信〔日本基準〕(連結),Japan GAAP,11344934,11345000,66,6407000000,4696000000,1551000000,400000000,400000000,,,,939000000,,,,,45000000,,1709000000,1585000000,797000000,,1086000000,,12000000,1000000,111000000,,,,,4029000000,3508000000,2698000000,149000000,149000000,,,,1820000000,,,357000000,,,,,52000000,1331000000,,,,,1331000000,,,2377000000,2349000000,277000000,198000000,1873000000,0,,,2474000000,2104000000,369000000,14.92,251000000,118000000,4.77,1000000,,0,0,,11000000,10000000,,109000000,,,,,,,,109000000,39000000,35.78,69000000,,69000000,2.79,-1415000000,109000000,21000000,,-76000000,-1366000000,-31000000,-19000000,-17000000,0,-2000000,,,,,,,,,,1456000000,1308000000,741000000,-455000000,,,,,-146000000,,-1434000000,5674000000,712000000,681000000,449000000,13,28,207,139000000,14.01,14.01,0.94,2.73,5.14,5.96,6.52,-57.19,10.15,5.69,,8.47,11.8,43.6,16.57,15.37,24.21,3.07,24.12,68.0,10.79,1190000000,81.33,3.82,54.75,6.95,-336.66,1957000000,169.5,1.49,174.05,5.95,2349000000,36.66,1484000000,,,,"[{'segment': 'Reconcile', 'period': 'CurrentYTDDuration', 'net_sales': '-95000000', 'revenues_from_external_customers': None, 'operating_income': '-210000000', 'transactions_with_other_segments': '-95000000'}, {'segment': 'Total', 'period': 'CurrentYTDDuration', 'net_sales': '2569000000', 'revenues_from_external_customers': '2474000000', 'operating_income': '328000000', 'transactions_with_other_segments': '95000000'}, {'segment': 'NotInclude', 'period': 'CurrentYTDDuration', 'net_sales': '74000000', 'revenues_from_external_customers': '73000000', 'operating_income': '10000000', 'transactions_with_other_segments': '0'}, {'segment': 'Total', 'period': 'CurrentYTDDuration', 'net_sales': '2495000000', 'revenues_from_external_customers': '2400000000', 'operating_income': '318000000', 'transactions_with_other_segments': '94000000'}, {'segment': 'SaleOnBusinessesDerivedFromRealEstateDeal', 'period': 'CurrentYTDDuration', 'net_sales': '64000000', 'revenues_from_external_customers': '64000000', 'operating_income': '29000000', 'transactions_with_other_segments': None}, {'segment': 'SaleOnConsignmentBusiness', 'period': 'CurrentYTDDuration', 'net_sales': '36000000', 'revenues_from_external_customers': '23000000', 'operating_income': '30000000', 'transactions_with_other_segments': '12000000'}, {'segment': 'SaleOnDevelopmentBusiness', 'period': 'CurrentYTDDuration', 'net_sales': '1283000000', 'revenues_from_external_customers': '1283000000', 'operating_income': '56000000', 'transactions_with_other_segments': None}, {'segment': 'SaleOnConstructionWorkBusiness', 'period': 'CurrentYTDDuration', 'net_sales': '638000000', 'revenues_from_external_customers': '621000000', 'operating_income': '113000000', 'transactions_with_other_segments': '16000000'}, {'segment': 'SaleOnBrokerageFeeBusiness', 'period': 'CurrentYTDDuration', 'net_sales': '472000000', 'revenues_from_external_customers': '406000000', 'operating_income': '89000000', 'transactions_with_other_segments': '65000000'}]",19000000,,,,,28000000,2018,2,,35.78
values,3241,株式会社ウィル,代表取締役　　坂根　勝幸,兵庫県宝塚市逆瀬川一丁目14番６号,2018-09-30,2018-11-13,2018-11-13,2018-11-12,四半期報告書－第24期第3四半期(平成30年7月1日－平成30年9月30日),平成30年12月期第3四半期決算短信〔日本基準〕（連結）,Japan GAAP,11344934,11345000,66,6925000000,4928000000,1485000000,328000000,328000000,,,,1229000000,,,,,50000000,,1995000000,1865000000,804000000,,1367000000,,10000000,0,119000000,,,,,4516000000,3984000000,3452000000,192000000,192000000,,,,2615000000,,,305000000,,,,,22000000,1064000000,,,,,1064000000,,,2408000000,2380000000,277000000,198000000,1904000000,0,,,3640000000,3086000000,553000000,15.19,382000000,171000000,4.7,3000000,,0,0,,18000000,16000000,,156000000,,,,,,,,156000000,55000000,35.26,101000000,,101000000,2.77,,156000000,,,,,,,,,,,,,,,,,,,,,,,,,,,,,0,5674000000,712000000,681000000,449000000,13,28,209,171000000,13.82,13.82,0.87,2.91,4.75,5.48,6.44,,10.49,,,9.36,10.69,64.15,24.02,22.49,21.44,2.94,19.78,89.0,13.9,1365000000,94.88,3.25,57.53,7.9,-382.34,2499000000,187.54,1.67,142.76,7.6,2380000000,34.37,101000000,,,,"[{'segment': 'Reconcile', 'period': 'CurrentYTDDuration', 'net_sales': '-157000000', 'revenues_from_external_customers': None, 'operating_income': '-316000000', 'transactions_with_other_segments': '-157000000'}, {'segment': 'Total', 'period': 'CurrentYTDDuration', 'net_sales': '3798000000', 'revenues_from_external_customers': '3640000000', 'operating_income': '487000000', 'transactions_with_other_segments': '157000000'}, {'segment': 'NotInclude', 'period': 'CurrentYTDDuration', 'net_sales': '107000000', 'revenues_from_external_customers': '107000000', 'operating_income': '9000000', 'transactions_with_other_segments': '0'}, {'segment': 'Total', 'period': 'CurrentYTDDuration', 'net_sales': '3690000000', 'revenues_from_external_customers': '3533000000', 'operating_income': '477000000', 'transactions_with_other_segments': '156000000'}, {'segment': 'SaleOnBusinessesDerivedFromRealEstateDeal', 'period': 'CurrentYTDDuration', 'net_sales': '103000000', 'revenues_from_external_customers': '103000000', 'operating_income': '47000000', 'transactions_with_other_segments': None}, {'segment': 'SaleOnConsignmentBusiness', 'period': 'CurrentYTDDuration', 'net_sales': '48000000', 'revenues_from_external_customers': '31000000', 'operating_income': '39000000', 'transactions_with_other_segments': '17000000'}, {'segment': 'SaleOnDevelopmentBusiness', 'period': 'CurrentYTDDuration', 'net_sales': '1779000000', 'revenues_from_external_customers': '1779000000', 'operating_income': '49000000', 'transactions_with_other_segments': None}, {'segment': 'SaleOnConstructionWorkBusiness', 'period': 'CurrentYTDDuration', 'net_sales': '985000000', 'revenues_from_external_customers': '948000000', 'operating_income': '174000000', 'transactions_with_other_segments': '37000000'}, {'segment': 'SaleOnBrokerageFeeBusiness', 'period': 'CurrentYTDDuration', 'net_sales': '772000000', 'revenues_from_external_customers': '670000000', 'operating_income': '166000000', 'transactions_with_other_segments': '101000000'}]",0,,,,,28000000,2018,3,,35.26
values,3241,株式会社ウィル,代表取締役　　坂根　勝幸,兵庫県宝塚市逆瀬川一丁目14番６号,2018-12-31,2019-03-28,2019-03-28,2019-02-12,有価証券報告書－第24期(平成30年1月1日－平成30年12月31日),2018年12月期決算短信〔日本基準〕（連結）,Japan GAAP,11344934,11345000,66,6849000000,4782000000,1687000000,446000000,446000000,,,,862000000,,,,,49000000,,2067000000,1884000000,829000000,32000000,1367000000,,10000000,,172000000,,,,,4212000000,3563000000,3220000000,233000000,233000000,,,,2272000000,,,300000000,,,,,115000000,991000000,,,,,991000000,,,2636000000,2608000000,277000000,198000000,2132000000,0,,,6054000000,5040000000,1013000000,16.73,505000000,507000000,8.37,8000000,,0,0,,28000000,23000000,,488000000,,,,,,,,488000000,158000000,32.38,329000000,,329000000,5.43,-1042000000,488000000,42000000,,-121000000,-1292000000,52000000,-311000000,-304000000,0,-4000000,,,,,,,,,,1511000000,1759000000,500000000,-609000000,,,,,-146000000,,-1350000000,7371000000,691000000,631000000,423000000,13,28,229,549000000,12.62,12.62,0.88,2.63,4.8,5.66,5.87,-17.21,8.34,4.15,,4.54,22.04,82.13,73.37,77.78,24.63,3.34,26.89,62.43,16.87,1075000000,72.44,3.21,52.02,7.06,-341.94,1876000000,159.79,1.37,148.51,5.7,2608000000,38.08,1371000000,140,43242857,3621428,"[{'segment': 'Reconcile', 'period': 'CurrentYearDuration', 'net_sales': '-240000000', 'revenues_from_external_customers': None, 'operating_income': '-391000000', 'transactions_with_other_segments': '-240000000'}, {'segment': 'Total', 'period': 'CurrentYearDuration', 'net_sales': '6294000000', 'revenues_from_external_customers': '6054000000', 'operating_income': '898000000', 'transactions_with_other_segments': '240000000'}, {'segment': 'NotInclude', 'period': 'CurrentYearDuration', 'net_sales': '153000000', 'revenues_from_external_customers': '152000000', 'operating_income': '19000000', 'transactions_with_other_segments': '0'}, {'segment': 'Total', 'period': 'CurrentYearDuration', 'net_sales': '6141000000', 'revenues_from_external_customers': '5901000000', 'operating_income': '879000000', 'transactions_with_other_segments': '239000000'}, {'segment': 'SaleOnBusinessesDerivedFromRealEstateDeal', 'period': 'CurrentYearDuration', 'net_sales': '146000000', 'revenues_from_external_customers': '146000000', 'operating_income': '71000000', 'transactions_with_other_segments': '0'}, {'segment': 'SaleOnConsignmentBusiness', 'period': 'CurrentYearDuration', 'net_sales': '66000000', 'revenues_from_external_customers': '42000000', 'operating_income': '54000000', 'transactions_with_other_segments': '23000000'}, {'segment': 'SaleOnDevelopmentBusiness', 'period': 'CurrentYearDuration', 'net_sales': '3244000000', 'revenues_from_external_customers': '3244000000', 'operating_income': '164000000', 'transactions_with_other_segments': None}, {'segment': 'SaleOnConstructionWorkBusiness', 'period': 'CurrentYearDuration', 'net_sales': '1603000000', 'revenues_from_external_customers': '1524000000', 'operating_income': '317000000', 'transactions_with_other_segments': '78000000'}, {'segment': 'SaleOnBrokerageFeeBusiness', 'period': 'CurrentYearDuration', 'net_sales': '1080000000', 'revenues_from_external_customers': '942000000', 'operating_income': '271000000', 'transactions_with_other_segments': '137000000'}]",308000000,,,,,28000000,2018,4,46.55,32.38
values,3241,株式会社ウィル,代表取締役社長　　坂根　勝幸,兵庫県宝塚市逆瀬川一丁目14番６号,2019-03-31,2019-05-14,2019-05-14,2019-05-13,四半期報告書－第25期第1四半期(平成31年1月1日－平成31年3月31日),2019年12月期 第1四半期決算短信〔日本基準〕（連結）,Japan GAAP,11344934,11345000,66,7648000000,4441000000,1060000000,399000000,399000000,,,,2788000000,,,,,,,3206000000,2970000000,829000000,,1367000000,,11000000,,224000000,,,,,5134000000,4653000000,3304000000,151000000,151000000,,,,2443000000,,,381000000,,,,,20000000,1829000000,,,,,1829000000,,,2513000000,2484000000,277000000,198000000,2008000000,0,,,949000000,768000000,180000000,18.97,138000000,42000000,4.43,8000000,,0,,,8000000,6000000,,42000000,,,,,,,,42000000,12000000,28.57,29000000,,29000000,3.06,,42000000,,,,,,,,,,,,,,,,,,,,,,,,,,,,,0,7371000000,691000000,631000000,423000000,13,38,219,42000000,17.67,17.67,0.82,3.08,5.74,6.51,6.16,,14.54,,,14.29,7.0,12.87,6.08,6.86,13.86,2.03,23.26,201.67,10.92,3036000000,214.01,2.11,60.84,8.92,-1092.25,3593000000,204.3,1.87,134.41,8.18,2485000000,32.49,29000000,,,,"[{'segment': 'Reconcile', 'period': 'CurrentYTDDuration', 'net_sales': '-35000000', 'revenues_from_external_customers': None, 'operating_income': '-122000000', 'transactions_with_other_segments': '-35000000'}, {'segment': 'Total', 'period': 'CurrentYTDDuration', 'net_sales': '984000000', 'revenues_from_external_customers': '949000000', 'operating_income': '164000000', 'transactions_with_other_segments': '35000000'}, {'segment': 'NotInclude', 'period': 'CurrentYTDDuration', 'net_sales': '27000000', 'revenues_from_external_customers': '27000000', 'operating_income': '-0', 'transactions_with_other_segments': '0'}, {'segment': 'Total', 'period': 'CurrentYTDDuration', 'net_sales': '956000000', 'revenues_from_external_customers': '921000000', 'operating_income': '164000000', 'transactions_with_other_segments': '35000000'}, {'segment': 'SaleOnBusinessesDerivedFromRealEstateDeal', 'period': 'CurrentYTDDuration', 'net_sales': '31000000', 'revenues_from_external_customers': '31000000', 'operating_income': '16000000', 'transactions_with_other_segments': None}, {'segment': 'SaleOnConsignmentBusiness', 'period': 'CurrentYTDDuration', 'net_sales': '17000000', 'revenues_from_external_customers': '17000000', 'operating_income': '0', 'transactions_with_other_segments': None}, {'segment': 'SaleOnDevelopmentBusiness', 'period': 'CurrentYTDDuration', 'net_sales': '305000000', 'revenues_from_external_customers': '305000000', 'operating_income': '0', 'transactions_with_other_segments': None}, {'segment': 'SaleOnConstructionWorkBusiness', 'period': 'CurrentYTDDuration', 'net_sales': '281000000', 'revenues_from_external_customers': '276000000', 'operating_income': '42000000', 'transactions_with_other_segments': '5000000'}, {'segment': 'SaleOnBrokerageFeeBusiness', 'period': 'CurrentYTDDuration', 'net_sales': '320000000', 'revenues_from_external_customers': '290000000', 'operating_income': '104000000', 'transactions_with_other_segments': '30000000'}]",0,,,,,28000000,2019,1,,28.57
values,3241,株式会社ウィル,代表取締役社長　　坂根　勝幸,兵庫県宝塚市逆瀬川一丁目14番６号,2019-06-30,2019-08-09,2019-08-09,2019-08-08,四半期報告書－第25期第2四半期(平成31年4月1日－令和1年6月30日),2019年12月期 第2四半期決算短信〔日本基準〕（連結）,Japan GAAP,11344934,11345000,66,8419000000,5202000000,1136000000,581000000,581000000,,,,1057000000,,,,,,,3217000000,2961000000,830000000,,1367000000,,12000000,,243000000,,,,,5810000000,5048000000,3823000000,186000000,186000000,,,,2685000000,,,377000000,,,,,95000000,1986000000,,,,,1986000000,,,2609000000,2580000000,277000000,198000000,2104000000,0,,,2611000000,2104000000,506000000,19.38,310000000,196000000,7.51,11000000,,0,0,,19000000,15000000,,188000000,,,,,,,,188000000,62000000,32.98,125000000,,125000000,4.79,-741000000,188000000,36000000,,-135000000,-746000000,-46000000,-1141000000,-1112000000,0,-2000000,,,,,,,,,,1332000000,413000000,1250000000,-178000000,,,,,-152000000,,-1855000000,7371000000,691000000,631000000,423000000,13,38,227,232000000,17.01,17.01,0.74,3.26,5.21,6.1,5.93,-28.38,11.87,7.11,,7.65,13.07,35.42,28.36,29.55,13.49,2.18,33.88,76.46,13.45,1452000000,96.88,2.11,59.96,9.68,-1184.98,3912000000,222.69,1.96,136.07,8.91,2581000000,30.66,866000000,,,,"[{'segment': 'Reconcile', 'period': 'CurrentYTDDuration', 'net_sales': '-80000000', 'revenues_from_external_customers': None, 'operating_income': '-268000000', 'transactions_with_other_segments': '-80000000'}, {'segment': 'Total', 'period': 'CurrentYTDDuration', 'net_sales': '2691000000', 'revenues_from_external_customers': '2611000000', 'operating_income': '464000000', 'transactions_with_other_segments': '80000000'}, {'segment': 'NotInclude', 'period': 'CurrentYTDDuration', 'net_sales': '92000000', 'revenues_from_external_customers': '92000000', 'operating_income': '21000000', 'transactions_with_other_segments': '0'}, {'segment': 'Total', 'period': 'CurrentYTDDuration', 'net_sales': '2598000000', 'revenues_from_external_customers': '2518000000', 'operating_income': '443000000', 'transactions_with_other_segments': '80000000'}, {'segment': 'SaleOnBusinessesDerivedFromRealEstateDeal', 'period': 'CurrentYTDDuration', 'net_sales': '64000000', 'revenues_from_external_customers': '64000000', 'operating_income': '35000000', 'transactions_with_other_segments': None}, {'segment': 'SaleOnDevelopmentBusiness', 'period': 'CurrentYTDDuration', 'net_sales': '929000000', 'revenues_from_external_customers': '929000000', 'operating_income': '39000000', 'transactions_with_other_segments': None}, {'segment': 'SaleOnConstructionWorkBusiness', 'period': 'CurrentYTDDuration', 'net_sales': '866000000', 'revenues_from_external_customers': '846000000', 'operating_income': '168000000', 'transactions_with_other_segments': '20000000'}, {'segment': 'SaleOnBrokerageFeeBusiness', 'period': 'CurrentYTDDuration', 'net_sales': '689000000', 'revenues_from_external_customers': '629000000', 'operating_income': '222000000', 'transactions_with_other_segments': '60000000'}, {'segment': 'Rental', 'period': 'CurrentYTDDuration', 'net_sales': '49000000', 'revenues_from_external_customers': '49000000', 'operating_income': '-22000000', 'transactions_with_other_segments': None}]",1114000000,,,,,28000000,2019,2,,32.98
values,3241,株式会社ウィル,代表取締役社長　　坂根　勝幸,兵庫県宝塚市逆瀬川一丁目14番６号,2019-09-30,2019-11-12,2019-11-12,2019-11-11,四半期報告書－第25期第3四半期(令和1年7月1日－令和1年9月30日),2019年12月期第3四半期決算短信〔日本基準〕（連結）,Japan GAAP,11344934,11345000,66,8546000000,5185000000,1114000000,510000000,510000000,,,,1042000000,,,,,,,3361000000,3115000000,830000000,,1521000000,,11000000,,234000000,,,,,5817000000,5117000000,3710000000,247000000,247000000,,,,2622000000,,,388000000,,,,,72000000,2107000000,,,,,2107000000,,,2729000000,2700000000,277000000,198000000,2224000000,0,,,4201000000,3394000000,806000000,19.19,424000000,381000000,9.07,13000000,,0,0,,29000000,23000000,,365000000,,,,,,,,365000000,120000000,32.88,245000000,,245000000,5.83,,365000000,,,,,,,,,,,,,,,,,,,,,,,,,,,,,0,6260000000,658000000,633000000,439000000,13,38,238,381000000,16.25,16.25,0.73,3.16,5.14,5.95,5.67,,10.09,,,6.04,16.57,67.11,57.9,55.81,13.04,2.14,29.74,75.37,17.87,1305000000,87.24,2.01,59.88,9.81,-1201.17,4003000000,213.16,1.89,139.76,9.12,2701000000,31.61,245000000,,,,"[{'segment': 'Rental', 'period': 'CurrentYTDDuration', 'net_sales': '84000000', 'revenues_from_external_customers': '84000000', 'operating_income': '-2000000', 'transactions_with_other_segments': None}, {'segment': 'Reconcile', 'period': 'CurrentYTDDuration', 'net_sales': '-114000000', 'revenues_from_external_customers': None, 'operating_income': '-351000000', 'transactions_with_other_segments': '-114000000'}, {'segment': 'Total', 'period': 'CurrentYTDDuration', 'net_sales': '4315000000', 'revenues_from_external_customers': '4201000000', 'operating_income': '733000000', 'transactions_with_other_segments': '114000000'}, {'segment': 'NotInclude', 'period': 'CurrentYTDDuration', 'net_sales': '122000000', 'revenues_from_external_customers': '122000000', 'operating_income': '21000000', 'transactions_with_other_segments': '0'}, {'segment': 'Total', 'period': 'CurrentYTDDuration', 'net_sales': '4192000000', 'revenues_from_external_customers': '4078000000', 'operating_income': '712000000', 'transactions_with_other_segments': '114000000'}, {'segment': 'SaleOnBusinessesDerivedFromRealEstateDeal', 'period': 'CurrentYTDDuration', 'net_sales': '100000000', 'revenues_from_external_customers': '100000000', 'operating_income': '58000000', 'transactions_with_other_segments': None}, {'segment': 'SaleOnDevelopmentBusiness', 'period': 'CurrentYTDDuration', 'net_sales': '1625000000', 'revenues_from_external_customers': '1625000000', 'operating_income': '86000000', 'transactions_with_other_segments': None}, {'segment': 'SaleOnConstructionWorkBusiness', 'period': 'CurrentYTDDuration', 'net_sales': '1365000000', 'revenues_from_external_customers': '1341000000', 'operating_income': '265000000', 'transactions_with_other_segments': '23000000'}, {'segment': 'SaleOnBrokerageFeeBusiness', 'period': 'CurrentYTDDuration', 'net_sales': '1017000000', 'revenues_from_external_customers': '926000000', 'operating_income': '304000000', 'transactions_with_other_segments': '91000000'}]",0,,,,,28000000,2019,3,,32.88
values,3241,株式会社ウィル,代表取締役社長　　坂根　勝幸,兵庫県宝塚市逆瀬川一丁目14番６号,2019-12-31,2020-03-27,2020-03-27,2020-02-13,有価証券報告書－第25期(平成31年1月1日－令和1年12月31日),2019年12月期決算短信〔日本基準〕（連結）,Japan GAAP,11344934,11345000,66,8962000000,5467000000,1306000000,513000000,513000000,,,,1680000000,,,,,,,3494000000,3237000000,920000000,29000000,1573000000,1000000,13000000,,243000000,,,,,6039000000,5173000000,3859000000,251000000,251000000,,,,2675000000,,,408000000,,,,,157000000,2180000000,,,,,2090000000,,,2923000000,2894000000,277000000,198000000,2418000000,0,,,6260000000,5046000000,1213000000,19.38,555000000,658000000,10.51,14000000,,0,0,,40000000,32000000,,633000000,,,,,,,,633000000,193000000,30.49,439000000,,439000000,7.01,-426000000,633000000,81000000,,-67000000,-993000000,16000000,-1406000000,-1379000000,0,-2000000,,,,,,,,,,1452000000,402000000,1580000000,-374000000,,,,,-156000000,,-1807000000,6673000000,710000000,640000000,423000000,13,38,255,739000000,15.16,15.16,0.7,3.1,4.9,5.76,5.29,-6.81,8.87,6.68,,4.86,20.56,93.81,92.68,103.78,14.57,2.5,29.91,121.52,18.16,1942000000,133.28,1.93,57.72,9.92,-1214.32,3867000000,206.6,1.79,141.67,8.81,2895000000,32.3,865000000,152,41184210,4328947,"[{'segment': 'Reconcile', 'period': 'CurrentYearDuration', 'net_sales': '-191000000', 'revenues_from_external_customers': None, 'operating_income': '-435000000', 'transactions_with_other_segments': '-191000000'}, {'segment': 'Total', 'period': 'CurrentYearDuration', 'net_sales': '6452000000', 'revenues_from_external_customers': '6260000000', 'operating_income': '1094000000', 'transactions_with_other_segments': '191000000'}, {'segment': 'NotInclude', 'period': 'CurrentYearDuration', 'net_sales': '164000000', 'revenues_from_external_customers': '164000000', 'operating_income': '26000000', 'transactions_with_other_segments': '0'}, {'segment': 'Total', 'period': 'CurrentYearDuration', 'net_sales': '6287000000', 'revenues_from_external_customers': '6096000000', 'operating_income': '1067000000', 'transactions_with_other_segments': '191000000'}, {'segment': 'SaleOnBusinessesDerivedFromRealEstateDeal', 'period': 'CurrentYearDuration', 'net_sales': '143000000', 'revenues_from_external_customers': '143000000', 'operating_income': '84000000', 'transactions_with_other_segments': None}, {'segment': 'SaleOnDevelopmentBusiness', 'period': 'CurrentYearDuration', 'net_sales': '2773000000', 'revenues_from_external_customers': '2773000000', 'operating_income': '162000000', 'transactions_with_other_segments': None}, {'segment': 'SaleOnConstructionWorkBusiness', 'period': 'CurrentYearDuration', 'net_sales': '1850000000', 'revenues_from_external_customers': '1786000000', 'operating_income': '386000000', 'transactions_with_other_segments': '63000000'}, {'segment': 'SaleOnBrokerageFeeBusiness', 'period': 'CurrentYearDuration', 'net_sales': '1384000000', 'revenues_from_external_customers': '1257000000', 'operating_income': '429000000', 'transactions_with_other_segments': '127000000'}, {'segment': 'Rental', 'period': 'CurrentYearDuration', 'net_sales': '135000000', 'revenues_from_external_customers': '135000000', 'operating_income': '5000000', 'transactions_with_other_segments': None}]",1381000000,,,,,28000000,2019,4,34.89,30.49
values,3241,株式会社ウィル,代表取締役社長　　坂根　勝幸,兵庫県宝塚市逆瀬川一丁目14番６号,2020-03-31,2020-05-15,2020-05-15,2020-05-14,四半期報告書－第26期第1四半期(令和2年1月1日－令和2年3月31日),2020年12月期第1四半期決算短信〔日本基準〕（連結）,Japan GAAP,11344934,11345000,66,8324000000,4867000000,847000000,346000000,346000000,,,,3524000000,,,,,,,3456000000,3197000000,899000000,,1557000000,,12000000,,246000000,,,,,5551000000,5015000000,3330000000,115000000,115000000,,,,2463000000,,,427000000,,,,,5000000,2220000000,,,,,2125000000,,,2773000000,2744000000,277000000,198000000,2268000000,0,,,1405000000,1218000000,187000000,13.31,159000000,28000000,1.99,2000000,,0,,,13000000,10000000,,17000000,,,,,,,,17000000,14000000,82.35,3000000,,3000000,0.21,,17000000,,,,,,,,,,,,,,,,,,,,,,,,,,,,,0,6673000000,710000000,640000000,423000000,13,40,241,28000000,16.87,16.87,0.96,3.03,5.56,6.3,5.58,,11.32,,,35.71,2.8,21.05,3.94,0.71,10.18,1.28,15.87,193.16,6.3,3755000000,202.73,2.49,60.25,7.56,332.56,4168000000,200.18,1.83,146.16,9.0,2745000000,32.98,3000000,,,,"[{'segment': 'Reconcile', 'period': 'CurrentYTDDuration', 'net_sales': '-34000000', 'revenues_from_external_customers': None, 'operating_income': '-112000000', 'transactions_with_other_segments': '-34000000'}, {'segment': 'Total', 'period': 'CurrentYTDDuration', 'net_sales': '1439000000', 'revenues_from_external_customers': '1405000000', 'operating_income': '141000000', 'transactions_with_other_segments': '34000000'}, {'segment': 'NotInclude', 'period': 'CurrentYTDDuration', 'net_sales': '30000000', 'revenues_from_external_customers': '30000000', 'operating_income': '-3000000', 'transactions_with_other_segments': None}, {'segment': 'Total', 'period': 'CurrentYTDDuration', 'net_sales': '1409000000', 'revenues_from_external_customers': '1375000000', 'operating_income': '144000000', 'transactions_with_other_segments': '34000000'}, {'segment': 'SaleOnBusinessesDerivedFromRealEstateDeal', 'period': 'CurrentYTDDuration', 'net_sales': '33000000', 'revenues_from_external_customers': '33000000', 'operating_income': '18000000', 'transactions_with_other_segments': None}, {'segment': 'SaleOnConsignmentBusiness', 'period': 'CurrentYTDDuration', 'net_sales': '39000000', 'revenues_from_external_customers': '39000000', 'operating_income': '6000000', 'transactions_with_other_segments': None}, {'segment': 'SaleOnDevelopmentBusiness', 'period': 'CurrentYTDDuration', 'net_sales': '815000000', 'revenues_from_external_customers': '815000000', 'operating_income': '44000000', 'transactions_with_other_segments': None}, {'segment': 'SaleOnConstructionWorkBusiness', 'period': 'CurrentYTDDuration', 'net_sales': '224000000', 'revenues_from_external_customers': '216000000', 'operating_income': '14000000', 'transactions_with_other_segments': '8000000'}, {'segment': 'SaleOnBrokerageFeeBusiness', 'period': 'CurrentYTDDuration', 'net_sales': '295000000', 'revenues_from_external_customers': '269000000', 'operating_income': '60000000', 'transactions_with_other_segments': '26000000'}]",0,,,,,28000000,2020,1,,82.35
values,3241,株式会社ウィル,代表取締役社長　　坂根　勝幸,兵庫県宝塚市逆瀬川一丁目14番６号,2020-06-30,2020-08-11,2020-08-11,2020-08-07,四半期報告書－第26期第2四半期(令和2年4月1日－令和2年6月30日),2020年12月期第2四半期決算短信〔日本基準〕（連結）,Japan GAAP,11344934,11345000,66,8640000000,5479000000,1451000000,351000000,351000000,,,,1430000000,,,,,,,3153000000,2909000000,902000000,,1255000000,,11000000,,232000000,,,,,5786000000,5003000000,3449000000,202000000,202000000,,,,2083000000,,,645000000,35000000,,,,24000000,2337000000,215000000,,,,2025000000,,,2853000000,2825000000,277000000,198000000,2349000000,0,,,3372000000,2916000000,456000000,13.52,300000000,155000000,4.6,9000000,,0,0,,27000000,20000000,,136000000,,,,,,,,136000000,53000000,38.97,83000000,,83000000,2.46,552000000,136000000,42000000,,161000000,341000000,-47000000,-78000000,-75000000,0,-3000000,,,,,,,,,,-329000000,-591000000,490000000,-317000000,243000000,,,,-153000000,,474000000,6673000000,710000000,640000000,423000000,13,40,249,197000000,16.39,16.39,0.92,3.06,5.36,6.25,5.42,16.37,8.9,9.21,,12.9,7.75,50.53,21.83,19.62,16.79,2.19,16.1,78.38,11.07,1579000000,83.41,2.74,57.91,7.55,331.76,3552000000,202.8,1.77,158.86,7.67,2825000000,32.7,-469000000,,,,"[{'segment': 'Reconcile', 'period': 'CurrentYTDDuration', 'net_sales': '-118000000', 'revenues_from_external_customers': None, 'operating_income': '-207000000', 'transactions_with_other_segments': '-118000000'}, {'segment': 'Total', 'period': 'CurrentYTDDuration', 'net_sales': '3490000000', 'revenues_from_external_customers': '3372000000', 'operating_income': '362000000', 'transactions_with_other_segments': '118000000'}, {'segment': 'NotInclude', 'period': 'CurrentYTDDuration', 'net_sales': '51000000', 'revenues_from_external_customers': '51000000', 'operating_income': '-8000000', 'transactions_with_other_segments': None}, {'segment': 'Total', 'period': 'CurrentYTDDuration', 'net_sales': '3439000000', 'revenues_from_external_customers': '3321000000', 'operating_income': '371000000', 'transactions_with_other_segments': '118000000'}, {'segment': 'SaleOnBusinessesDerivedFromRealEstateDeal', 'period': 'CurrentYTDDuration', 'net_sales': '72000000', 'revenues_from_external_customers': '71000000', 'operating_income': '40000000', 'transactions_with_other_segments': '0'}, {'segment': 'SaleOnDevelopmentBusiness', 'period': 'CurrentYTDDuration', 'net_sales': '2102000000', 'revenues_from_external_customers': '2102000000', 'operating_income': '107000000', 'transactions_with_other_segments': None}, {'segment': 'SaleOnConstructionWorkBusiness', 'period': 'CurrentYTDDuration', 'net_sales': '548000000', 'revenues_from_external_customers': '487000000', 'operating_income': '64000000', 'transactions_with_other_segments': '61000000'}, {'segment': 'SaleOnBrokerageFeeBusiness', 'period': 'CurrentYTDDuration', 'net_sales': '634000000', 'revenues_from_external_customers': '577000000', 'operating_income': '144000000', 'transactions_with_other_segments': '56000000'}, {'segment': 'Rental', 'period': 'CurrentYTDDuration', 'net_sales': '81000000', 'revenues_from_external_customers': '81000000', 'operating_income': '14000000', 'transactions_with_other_segments': None}]",78000000,,,,,28000000,2020,2,,38.97
values,3241,株式会社ウィル,代表取締役社長　　坂根　勝幸,兵庫県宝塚市逆瀬川一丁目14番６号,2020-09-30,2020-11-13,2020-11-13,2020-11-12,四半期報告書－第26期第3四半期(令和2年7月1日－令和2年9月30日),2020年12月期第3四半期決算短信〔日本基準〕（連結）,Japan GAAP,11344934,11345000,66,9062000000,5795000000,2024000000,370000000,370000000,,,,1084000000,,,,,,,3257000000,2955000000,987000000,,1255000000,,54000000,,247000000,,,,,6095000000,5162000000,3299000000,227000000,227000000,,,,1830000000,,,538000000,75000000,,,,67000000,2796000000,375000000,,,,2344000000,,,2966000000,2938000000,277000000,198000000,2462000000,0,,,5203000000,4436000000,766000000,14.72,436000000,330000000,6.34,14000000,,0,0,,40000000,28000000,,303000000,,,,,,,,303000000,106000000,34.98,196000000,,196000000,3.77,,303000000,,,,,,,,,,,,,,,,,,,,,,,,,,,,,0,7957000000,696000000,670000000,463000000,13,40,258,330000000,15.76,15.76,0.88,3.08,5.11,6.04,5.21,,8.38,,,8.48,11.79,65.39,47.41,42.33,22.34,3.05,16.97,59.42,12.44,1227000000,63.95,2.69,56.96,7.78,342.31,3138000000,205.5,1.76,175.66,6.78,2938000000,32.42,196000000,,,,"[{'segment': 'Rental', 'period': 'CurrentYTDDuration', 'net_sales': '138000000', 'revenues_from_external_customers': '138000000', 'operating_income': '35000000', 'transactions_with_other_segments': None}, {'segment': 'Reconcile', 'period': 'CurrentYTDDuration', 'net_sales': '-163000000', 'revenues_from_external_customers': None, 'operating_income': '-310000000', 'transactions_with_other_segments': '-163000000'}, {'segment': 'Total', 'period': 'CurrentYTDDuration', 'net_sales': '5366000000', 'revenues_from_external_customers': '5203000000', 'operating_income': '640000000', 'transactions_with_other_segments': '163000000'}, {'segment': 'NotInclude', 'period': 'CurrentYTDDuration', 'net_sales': '79000000', 'revenues_from_external_customers': '79000000', 'operating_income': '-25000000', 'transactions_with_other_segments': None}, {'segment': 'Total', 'period': 'CurrentYTDDuration', 'net_sales': '5287000000', 'revenues_from_external_customers': '5123000000', 'operating_income': '666000000', 'transactions_with_other_segments': '163000000'}, {'segment': 'SaleOnBusinessesDerivedFromRealEstateDeal', 'period': 'CurrentYTDDuration', 'net_sales': '113000000', 'revenues_from_external_customers': '113000000', 'operating_income': '66000000', 'transactions_with_other_segments': '0'}, {'segment': 'SaleOnDevelopmentBusiness', 'period': 'CurrentYTDDuration', 'net_sales': '3038000000', 'revenues_from_external_customers': '3038000000', 'operating_income': '174000000', 'transactions_with_other_segments': None}, {'segment': 'SaleOnConstructionWorkBusiness', 'period': 'CurrentYTDDuration', 'net_sales': '964000000', 'revenues_from_external_customers': '895000000', 'operating_income': '128000000', 'transactions_with_other_segments': '69000000'}, {'segment': 'SaleOnBrokerageFeeBusiness', 'period': 'CurrentYTDDuration', 'net_sales': '1032000000', 'revenues_from_external_customers': '937000000', 'operating_income': '262000000', 'transactions_with_other_segments': '94000000'}]",0,,,,,28000000,2020,3,,34.98
values,3241,株式会社ウィル,代表取締役社長　　坂根　勝幸,兵庫県宝塚市逆瀬川一丁目14番６号,2020-12-31,2021-03-30,2021-03-30,2021-02-12,有価証券報告書－第26期(令和2年1月1日－令和2年12月31日),2020年12月期決算短信〔日本基準〕（連結）,Japan GAAP,11344934,11345000,66,9537000000,5938000000,2229000000,451000000,451000000,,,,664000000,,,,,,,3589000000,3266000000,1026000000,28000000,1366000000,0,58000000,40000000,264000000,,,,,6304000000,5270000000,3259000000,246000000,246000000,,,,1767000000,,,461000000,75000000,,,,187000000,3044000000,357000000,,,,2610000000,,,3233000000,3205000000,277000000,198000000,2729000000,0,,,7957000000,6659000000,1298000000,16.31,601000000,696000000,8.75,26000000,,0,0,,52000000,35000000,,670000000,,,,,,,,670000000,207000000,30.9,463000000,,463000000,5.82,1508000000,670000000,88000000,,61000000,827000000,-4000000,-518000000,-478000000,0,-37000000,,,,,,,,,,-66000000,-907000000,1338000000,-764000000,440000000,-17000000,,,-153000000,,993000000,8235000000,765000000,705000000,531000000,13,40,282,784000000,14.45,14.45,0.83,2.98,4.85,5.77,4.78,18.95,7.55,6.78,,5.03,19.89,96.62,90.98,87.19,23.37,3.36,20.69,36.4,13.48,869000000,43.6,2.44,55.26,7.95,349.47,3041000000,194.99,1.64,182.2,6.57,3205000000,33.61,-1045000000,168,47363095,4142857,"[{'segment': 'Rental', 'period': 'CurrentYearDuration', 'net_sales': '171000000', 'revenues_from_external_customers': '171000000', 'operating_income': '17000000', 'transactions_with_other_segments': None}, {'segment': 'Reconcile', 'period': 'CurrentYearDuration', 'net_sales': '-219000000', 'revenues_from_external_customers': None, 'operating_income': '-428000000', 'transactions_with_other_segments': '-219000000'}, {'segment': 'Total', 'period': 'CurrentYearDuration', 'net_sales': '8177000000', 'revenues_from_external_customers': '7957000000', 'operating_income': '1125000000', 'transactions_with_other_segments': '219000000'}, {'segment': 'NotInclude', 'period': 'CurrentYearDuration', 'net_sales': '124000000', 'revenues_from_external_customers': '124000000', 'operating_income': '-11000000', 'transactions_with_other_segments': '0'}, {'segment': 'Total', 'period': 'CurrentYearDuration', 'net_sales': '8052000000', 'revenues_from_external_customers': '7833000000', 'operating_income': '1137000000', 'transactions_with_other_segments': '219000000'}, {'segment': 'SaleOnBusinessesDerivedFromRealEstateDeal', 'period': 'CurrentYearDuration', 'net_sales': '160000000', 'revenues_from_external_customers': '160000000', 'operating_income': '97000000', 'transactions_with_other_segments': '0'}, {'segment': 'SaleOnDevelopmentBusiness', 'period': 'CurrentYearDuration', 'net_sales': '4643000000', 'revenues_from_external_customers': '4643000000', 'operating_income': '321000000', 'transactions_with_other_segments': None}, {'segment': 'SaleOnConstructionWorkBusiness', 'period': 'CurrentYearDuration', 'net_sales': '1570000000', 'revenues_from_external_customers': '1484000000', 'operating_income': '256000000', 'transactions_with_other_segments': '85000000'}, {'segment': 'SaleOnBrokerageFeeBusiness', 'period': 'CurrentYearDuration', 'net_sales': '1507000000', 'revenues_from_external_customers': '1373000000', 'operating_income': '444000000', 'transactions_with_other_segments': '133000000'}]",515000000,,,,,28000000,2020,4,33.08,30.9
values,3241,株式会社ウィル,代表取締役社長　　坂根　勝幸,兵庫県宝塚市逆瀬川一丁目14番６号,2021-03-31,2021-05-14,2021-05-14,2021-05-14,四半期報告書－第27期第1四半期(令和3年1月1日－令和3年3月31日),2021年12月期第1四半期決算短信〔日本基準〕（連結）,Japan GAAP,11344934,11345000,66,10831000000,5915000000,1703000000,350000000,350000000,,,,3699000000,,,,,,,4895000000,4578000000,1049000000,,2591000000,,55000000,38000000,261000000,,,,,7689000000,6974000000,4297000000,248000000,248000000,,,,3052000000,,,484000000,115000000,,,,41000000,3392000000,497000000,,,,2826000000,,,3141000000,3113000000,277000000,198000000,2637000000,0,,,1087000000,901000000,185000000,17.02,141000000,44000000,4.05,4000000,,0,,,13000000,8000000,,36000000,73000000,,,,,,,109000000,48000000,44.04,61000000,,61000000,5.61,,109000000,,,,,,,,,,,,,,,,,,,,,,,,,,,,,0,8235000000,765000000,705000000,531000000,15,50,274,44000000,18.54,18.54,0.8,3.48,5.33,5.34,5.65,,12.97,,,18.18,5.5,13.2,5.75,11.49,15.72,2.35,14.72,189.2,12.68,3801000000,191.23,1.9,64.39,9.64,-1739.15,5271000000,244.79,2.24,137.65,9.14,3113000000,28.74,-12000000,,,,"[{'segment': 'Reconcile', 'period': 'CurrentYTDDuration', 'net_sales': '-81000000', 'revenues_from_external_customers': None, 'operating_income': '-126000000', 'transactions_with_other_segments': '-81000000'}, {'segment': 'Total', 'period': 'CurrentYTDDuration', 'net_sales': '1169000000', 'revenues_from_external_customers': '1087000000', 'operating_income': '171000000', 'transactions_with_other_segments': '81000000'}, {'segment': 'NotInclude', 'period': 'CurrentYTDDuration', 'net_sales': '46000000', 'revenues_from_external_customers': '45000000', 'operating_income': '6000000', 'transactions_with_other_segments': '0'}, {'segment': 'Total', 'period': 'CurrentYTDDuration', 'net_sales': '1123000000', 'revenues_from_external_customers': '1041000000', 'operating_income': '164000000', 'transactions_with_other_segments': '81000000'}, {'segment': 'SaleOnBusinessesDerivedFromRealEstateDeal', 'period': 'CurrentYTDDuration', 'net_sales': '37000000', 'revenues_from_external_customers': '37000000', 'operating_income': '21000000', 'transactions_with_other_segments': None}, {'segment': 'SaleOnConsignmentBusiness', 'period': 'CurrentYTDDuration', 'net_sales': '39000000', 'revenues_from_external_customers': '39000000', 'operating_income': '-9000000', 'transactions_with_other_segments': None}, {'segment': 'SaleOnDevelopmentBusiness', 'period': 'CurrentYTDDuration', 'net_sales': '345000000', 'revenues_from_external_customers': '345000000', 'operating_income': '-4000000', 'transactions_with_other_segments': None}, {'segment': 'SaleOnConstructionWorkBusiness', 'period': 'CurrentYTDDuration', 'net_sales': '280000000', 'revenues_from_external_customers': '238000000', 'operating_income': '33000000', 'transactions_with_other_segments': '42000000'}, {'segment': 'SaleOnBrokerageFeeBusiness', 'period': 'CurrentYTDDuration', 'net_sales': '420000000', 'revenues_from_external_customers': '381000000', 'operating_income': '123000000', 'transactions_with_other_segments': '38000000'}]",0,,,,,28000000,2021,1,,44.04
values,3241,株式会社ウィル,代表取締役社長　　坂根　勝幸,兵庫県宝塚市逆瀬川一丁目14番６号,2021-06-30,2021-08-10,2021-08-10,2021-08-10,四半期報告書－第27期第2四半期(令和3年4月1日－令和3年6月30日),2021年12月期 第2四半期決算短信〔日本基準〕（連結）,Japan GAAP,11344934,11345000,66,10948000000,6010000000,1546000000,483000000,483000000,,,,1062000000,10000000,,,,,,4913000000,4586000000,1141000000,,2592000000,,54000000,36000000,272000000,,,,,7698000000,6803000000,4630000000,238000000,238000000,,,,3120000000,,,585000000,115000000,,,,113000000,3068000000,480000000,,,,2503000000,,,3250000000,3221000000,277000000,198000000,2745000000,0,,,3045000000,2533000000,512000000,16.81,297000000,214000000,7.03,16000000,,0,0,,29000000,18000000,,201000000,73000000,,,,,,,275000000,105000000,38.18,169000000,,169000000,5.55,-689000000,275000000,55000000,,-31000000,-747000000,5000000,-1397000000,-1374000000,,-20000000,,,,,,,,,,1404000000,1352000000,400000000,-353000000,196000000,-37000000,,,-152000000,,-2083000000,8235000000,765000000,705000000,531000000,15,50,284,269000000,17.91,17.91,0.79,3.4,5.27,5.38,5.46,-22.63,9.75,10.74,,8.41,11.89,36.98,27.97,31.83,14.12,2.14,20.31,54.32,12.17,1307000000,62.46,1.89,62.14,9.4,-1696.51,5257000000,236.86,2.11,129.81,9.11,3222000000,29.43,785000000,,,,"[{'segment': 'Reconcile', 'period': 'CurrentYTDDuration', 'net_sales': '-156000000', 'revenues_from_external_customers': None, 'operating_income': '-234000000', 'transactions_with_other_segments': '-156000000'}, {'segment': 'Total', 'period': 'CurrentYTDDuration', 'net_sales': '3201000000', 'revenues_from_external_customers': '3045000000', 'operating_income': '449000000', 'transactions_with_other_segments': '156000000'}, {'segment': 'NotInclude', 'period': 'CurrentYTDDuration', 'net_sales': '78000000', 'revenues_from_external_customers': '77000000', 'operating_income': '1000000', 'transactions_with_other_segments': '1000000'}, {'segment': 'Total', 'period': 'CurrentYTDDuration', 'net_sales': '3123000000', 'revenues_from_external_customers': '2967000000', 'operating_income': '447000000', 'transactions_with_other_segments': '155000000'}, {'segment': 'SaleOnBusinessesDerivedFromRealEstateDeal', 'period': 'CurrentYTDDuration', 'net_sales': '72000000', 'revenues_from_external_customers': '72000000', 'operating_income': '39000000', 'transactions_with_other_segments': None}, {'segment': 'SaleOnDevelopmentBusiness', 'period': 'CurrentYTDDuration', 'net_sales': '1300000000', 'revenues_from_external_customers': '1300000000', 'operating_income': '75000000', 'transactions_with_other_segments': None}, {'segment': 'SaleOnConstructionWorkBusiness', 'period': 'CurrentYTDDuration', 'net_sales': '815000000', 'revenues_from_external_customers': '739000000', 'operating_income': '148000000', 'transactions_with_other_segments': '75000000'}, {'segment': 'SaleOnBrokerageFeeBusiness', 'period': 'CurrentYTDDuration', 'net_sales': '863000000', 'revenues_from_external_customers': '783000000', 'operating_income': '214000000', 'transactions_with_other_segments': '79000000'}, {'segment': 'Rental', 'period': 'CurrentYTDDuration', 'net_sales': '71000000', 'revenues_from_external_customers': '71000000', 'operating_income': '-30000000', 'transactions_with_other_segments': None}]",1394000000,,,,,28000000,2021,2,,38.18
values,3241,株式会社ウィル,代表取締役社長　　坂根　勝幸,兵庫県宝塚市逆瀬川一丁目14番６号,2021-09-30,2021-11-12,2021-11-12,2021-11-12,四半期報告書－第27期第3四半期(令和3年7月1日－令和3年9月30日),2021年12月期 第3四半期決算短信〔日本基準〕（連結）,Japan GAAP,11344934,11345000,66,12046000000,7195000000,1457000000,444000000,444000000,,,,1884000000,10000000,,,,,,4823000000,4491000000,1112000000,,2541000000,,54000000,34000000,277000000,,,,,8668000000,7753000000,4889000000,334000000,334000000,,,,3322000000,,,588000000,155000000,,,,85000000,3779000000,600000000,,,,3088000000,,,3377000000,3348000000,277000000,198000000,2873000000,0,,,4918000000,4053000000,864000000,17.57,451000000,412000000,8.38,24000000,,0,0,,45000000,29000000,,391000000,73000000,,,,,,,465000000,168000000,36.13,296000000,,296000000,6.02,,465000000,,,,,,,,,,,,,,,,,,,,,,,,,,,,,0,8681000000,837000000,802000000,577000000,15,50,295,412000000,17.23,17.23,0.72,3.6,4.79,4.85,5.25,,9.17,,,7.04,14.21,56.65,49.22,51.3,12.1,2.01,18.67,96.36,17.08,1994000000,97.95,1.93,64.36,10.72,-1933.42,6296000000,256.68,2.32,147.17,10.91,3349000000,27.8,223000000,,,,"[{'segment': 'Rental', 'period': 'CurrentYTDDuration', 'net_sales': '112000000', 'revenues_from_external_customers': '112000000', 'operating_income': '-48000000', 'transactions_with_other_segments': None}, {'segment': 'Reconcile', 'period': 'CurrentYTDDuration', 'net_sales': '-223000000', 'revenues_from_external_customers': None, 'operating_income': '-370000000', 'transactions_with_other_segments': '-223000000'}, {'segment': 'Total', 'period': 'CurrentYTDDuration', 'net_sales': '5142000000', 'revenues_from_external_customers': '4918000000', 'operating_income': '783000000', 'transactions_with_other_segments': '223000000'}, {'segment': 'NotInclude', 'period': 'CurrentYTDDuration', 'net_sales': '123000000', 'revenues_from_external_customers': '121000000', 'operating_income': '4000000', 'transactions_with_other_segments': '1000000'}, {'segment': 'Total', 'period': 'CurrentYTDDuration', 'net_sales': '5018000000', 'revenues_from_external_customers': '4796000000', 'operating_income': '779000000', 'transactions_with_other_segments': '221000000'}, {'segment': 'SaleOnBusinessesDerivedFromRealEstateDeal', 'period': 'CurrentYTDDuration', 'net_sales': '108000000', 'revenues_from_external_customers': '108000000', 'operating_income': '56000000', 'transactions_with_other_segments': None}, {'segment': 'SaleOnDevelopmentBusiness', 'period': 'CurrentYTDDuration', 'net_sales': '2301000000', 'revenues_from_external_customers': '2301000000', 'operating_income': '201000000', 'transactions_with_other_segments': None}, {'segment': 'SaleOnConstructionWorkBusiness', 'period': 'CurrentYTDDuration', 'net_sales': '1107000000', 'revenues_from_external_customers': '1023000000', 'operating_income': '188000000', 'transactions_with_other_segments': '84000000'}, {'segment': 'SaleOnBrokerageFeeBusiness', 'period': 'CurrentYTDDuration', 'net_sales': '1387000000', 'revenues_from_external_customers': '1250000000', 'operating_income': '380000000', 'transactions_with_other_segments': '137000000'}]",0,,,,,28000000,2021,3,,36.13
values,3241,株式会社ウィル,代表取締役社長　　坂根　勝幸,兵庫県宝塚市逆瀬川一丁目14番６号,2021-12-31,2022-03-29,2022-03-29,2022-02-14,有価証券報告書－第27期(令和3年1月1日－令和3年12月31日),2021年12月期 決算短信〔日本基準〕（連結）,Japan GAAP,11344934,11345000,66,12150000000,6923000000,1871000000,478000000,478000000,,,,1474000000,11000000,,,,,,5212000000,4850000000,1114000000,36000000,2914000000,15000000,52000000,31000000,309000000,,,,,8492000000,7089000000,4868000000,366000000,366000000,,,,2862000000,,,539000000,155000000,,,,241000000,3624000000,582000000,,,,2951000000,,,3658000000,3629000000,277000000,198000000,3153000000,0,,,8681000000,7136000000,1545000000,17.8,707000000,837000000,9.64,27000000,,0,0,,62000000,41000000,,802000000,73000000,,,,,,,876000000,298000000,34.02,577000000,,577000000,6.65,-401000000,876000000,113000000,,-27000000,-1231000000,133000000,-1641000000,-1625000000,0,-27000000,,,,,,,,,,1685000000,1095000000,1389000000,-940000000,392000000,-95000000,,,-153000000,,-2053000000,10000000000,913000000,842000000,573000000,15,50,319,950000000,15.9,15.9,0.71,3.35,4.75,5.03,4.84,-4.62,8.14,7.31,,4.9,20.41,86.81,91.68,100.7,15.4,2.59,20.1,75.39,18.72,1586000000,76.77,1.79,58.35,9.8,-1767.83,5218000000,232.15,1.95,142.21,9.04,3630000000,29.88,905000000,188,46175531,4452127,"[{'segment': 'Rental', 'period': 'CurrentYearDuration', 'net_sales': '158000000', 'revenues_from_external_customers': '158000000', 'operating_income': '-52000000', 'transactions_with_other_segments': None}, {'segment': 'Reconcile', 'period': 'CurrentYearDuration', 'net_sales': '-298000000', 'revenues_from_external_customers': None, 'operating_income': '-558000000', 'transactions_with_other_segments': '-298000000'}, {'segment': 'Total', 'period': 'CurrentYearDuration', 'net_sales': '8980000000', 'revenues_from_external_customers': '8681000000', 'operating_income': '1395000000', 'transactions_with_other_segments': '298000000'}, {'segment': 'NotInclude', 'period': 'CurrentYearDuration', 'net_sales': '186000000', 'revenues_from_external_customers': '182000000', 'operating_income': '15000000', 'transactions_with_other_segments': '4000000'}, {'segment': 'Total', 'period': 'CurrentYearDuration', 'net_sales': '8793000000', 'revenues_from_external_customers': '8499000000', 'operating_income': '1380000000', 'transactions_with_other_segments': '294000000'}, {'segment': 'SaleOnBusinessesDerivedFromRealEstateDeal', 'period': 'CurrentYearDuration', 'net_sales': '161000000', 'revenues_from_external_customers': '161000000', 'operating_income': '89000000', 'transactions_with_other_segments': None}, {'segment': 'SaleOnDevelopmentBusiness', 'period': 'CurrentYearDuration', 'net_sales': '4848000000', 'revenues_from_external_customers': '4848000000', 'operating_income': '493000000', 'transactions_with_other_segments': None}, {'segment': 'SaleOnConstructionWorkBusiness', 'period': 'CurrentYearDuration', 'net_sales': '1705000000', 'revenues_from_external_customers': '1600000000', 'operating_income': '311000000', 'transactions_with_other_segments': '105000000'}, {'segment': 'SaleOnBrokerageFeeBusiness', 'period': 'CurrentYearDuration', 'net_sales': '1919000000', 'revenues_from_external_customers': '1730000000', 'operating_income': '538000000', 'transactions_with_other_segments': '188000000'}]",1652000000,,,,,28000000,2021,4,30.48,34.02
